%YAML 1.1
%TAG !u! tag:unity3d.com,2011:
--- !u!1 &100000
GameObject:
  m_ObjectHideFlags: 0
  m_PrefabParentObject: {fileID: 0}
  m_PrefabInternal: {fileID: 100100000}
  serializedVersion: 4
  m_Component:
  - 4: {fileID: 400000}
  - 212: {fileID: 21200000}
  - 50: {fileID: 5000000}
  - 60: {fileID: 6000000}
  m_Layer: 0
  m_Name: Small sat
  m_TagString: Untagged
  m_Icon: {fileID: 0}
  m_NavMeshLayer: 0
  m_StaticEditorFlags: 0
  m_IsActive: 1
--- !u!4 &400000
Transform:
  m_ObjectHideFlags: 1
  m_PrefabParentObject: {fileID: 0}
  m_PrefabInternal: {fileID: 100100000}
  m_GameObject: {fileID: 100000}
  m_LocalRotation: {x: 0, y: 0, z: .170672342, w: .98532784}
  m_LocalPosition: {x: -4.2534132, y: 3.90324306, z: 0}
  m_LocalScale: {x: 1.54647553, y: 1.54647553, z: 1.54647553}
  m_Children: []
  m_Father: {fileID: 0}
--- !u!50 &5000000
Rigidbody2D:
  m_ObjectHideFlags: 1
  m_PrefabParentObject: {fileID: 0}
  m_PrefabInternal: {fileID: 100100000}
  m_GameObject: {fileID: 100000}
  m_Mass: 1
  m_LinearDrag: 0
  m_AngularDrag: 0
  m_GravityScale: 0
  m_FixedAngle: 1
  m_IsKinematic: 1
  m_Interpolate: 0
  m_SleepingMode: 1
  m_CollisionDetection: 0
--- !u!60 &6000000
PolygonCollider2D:
  m_ObjectHideFlags: 1
  m_PrefabParentObject: {fileID: 0}
  m_PrefabInternal: {fileID: 100100000}
  m_GameObject: {fileID: 100000}
  m_Enabled: 1
  m_Material: {fileID: 0}
  m_IsTrigger: 0
  m_Poly:
    m_Paths:
    - - {x: .185000002, y: -.629999995}
      - {x: .344999999, y: -.629999995}
      - {x: .61500001, y: -.5}
      - {x: .685000002, y: -.439999998}
      - {x: .685000002, y: -.329999983}
      - {x: .86500001, y: -.349999994}
      - {x: 1.255, y: -.349999994}
      - {x: 1.505, y: -.359999985}
      - {x: 1.70499992, y: -.379999995}
      - {x: 2.09500003, y: -.379999995}
      - {x: 2.44499993, y: -.389999986}
      - {x: 2.71499991, y: -.399999976}
      - {x: 3.2349999, y: -.419999987}
      - {x: 3.32499981, y: -.319999993}
      - {x: 3.32499981, y: .129999995}
      - {x: 3.32499981, y: .149999991}
      - {x: 3.2249999, y: .229999989}
      - {x: 2.71499991, y: .229999989}
      - {x: 2.69499993, y: .25}
      - {x: 2.17499995, y: .25999999}
      - {x: 1.93499994, y: .25999999}
      - {x: 1.92499995, y: .280000001}
      - {x: 1.505, y: .269999981}
      - {x: 1.505, y: .289999992}
      - {x: 1.17499995, y: .299999982}
      - {x: .754999995, y: .310000002}
      - {x: .745000005, y: .280000001}
      - {x: .754999995, y: .239999995}
      - {x: .784999967, y: .189999998}
      - {x: .764999986, y: -.0399999991}
      - {x: .764999986, y: -.25}
      - {x: .685000002, y: -.280000001}
      - {x: .694999993, y: -.209999993}
      - {x: .694999993, y: .25}
      - {x: .724999964, y: .25999999}
      - {x: .704999983, y: .359999985}
      - {x: .86500001, y: .379999995}
      - {x: .995000005, y: .429999977}
      - {x: 1.13499999, y: .48999998}
      - {x: 1.27499998, y: .579999983}
      - {x: 1.35500002, y: .669999957}
      - {x: 1.36500001, y: .709999979}
      - {x: 1.36500001, y: .769999981}
      - {x: 1.31499994, y: .849999964}
      - {x: 1.255, y: .879999995}
      - {x: .995000005, y: .879999995}
      - {x: .964999974, y: .879999995}
      - {x: .745000005, y: .810000002}
      - {x: .594999969, y: .75999999}
      - {x: .465000004, y: .669999957}
      - {x: .36499998, y: .569999993}
      - {x: .334999979, y: .5}
      - {x: .284999996, y: .50999999}
      - {x: -.0350000001, y: .519999981}
      - {x: -.0850000009, y: .5}
      - {x: -.204999998, y: .429999977}
      - {x: -.36499998, y: .319999993}
      - {x: -.375, y: .280000001}
      - {x: -.38499999, y: .0199999996}
      - {x: -.375, y: -.0799999982}
      - {x: -.494999975, y: -.170000002}
      - {x: -.514999986, y: -.0599999987}
      - {x: -.534999967, y: -.0399999991}
      - {x: -.564999998, y: -.049999997}
      - {x: -.574999988, y: -.119999997}
      - {x: -.574999988, y: -.229999989}
      - {x: -.675000012, y: -.349999994}
      - {x: -.694999993, y: -.299999982}
      - {x: -.685000002, y: .119999997}
      - {x: -.704999983, y: .179999992}
      - {x: -.604999959, y: .209999993}
      - {x: -.604999959, y: .239999995}
      - {x: -.685000002, y: .25999999}
      - {x: -.745000005, y: .239999995}
      - {x: -1.19499993, y: .239999995}
      - {x: -1.78499997, y: .25}
      - {x: -1.89499998, y: .229999989}
      - {x: -1.91499996, y: .229999989}
      - {x: -2.35500002, y: .229999989}
      - {x: -2.85500002, y: .219999999}
      - {x: -3.06499982, y: .209999993}
      - {x: -3.19499993, y: .189999998}
      - {x: -3.2349999, y: .119999997}
      - {x: -3.2349999, y: -.299999982}
      - {x: -3.2349999, y: -.299999982}
      - {x: -3.2249999, y: -.370000005}
      - {x: -3.11500001, y: -.449999988}
      - {x: -3.01499987, y: -.439999998}
      - {x: -3.00499988, y: -.419999987}
      - {x: -2.49499989, y: -.429999977}
      - {x: -2.33500004, y: -.419999987}
      - {x: -1.995, y: -.409999996}
      - {x: -1.83499992, y: -.409999996}
      - {x: -1.40499997, y: -.399999976}
      - {x: -1.29499996, y: -.399999976}
      - {x: -.935000002, y: -.389999986}
      - {x: -.924999952, y: -.399999976}
      - {x: -.734999955, y: -.399999976}
      - {x: -.784999967, y: -.50999999}
      - {x: -.814999998, y: -.579999983}
      - {x: -.86500001, y: -.699999988}
      - {x: -.844999969, y: -.859999955}
      - {x: -.794999957, y: -.899999976}
      - {x: -.675000012, y: -.899999976}
      - {x: -.594999969, y: -.889999986}
      - {x: -.465000004, y: -.799999952}
      - {x: -.275000006, y: -.620000005}
      - {x: -.0949999988, y: -.620000005}
    - - {x: -.584999979, y: .25}
      - {x: -.584999979, y: .25}
      - {x: -.604999959, y: .239999995}
      - {x: -.604999959, y: .199999988}
      - {x: -.564999998, y: -.0199999996}
      - {x: -.545000017, y: -.0399999991}
      - {x: -.545000017, y: -.0399999991}
      - {x: -.494999975, y: -.0399999991}
      - {x: -.484999985, y: .0299999993}
      - {x: -.484999985, y: .189999998}
      - {x: -.534999967, y: .25}
    - - {x: -.405000001, y: .0399999991}
      - {x: -.375, y: .049999997}
      - {x: -.375, y: .0799999982}
      - {x: -.405000001, y: .0899999961}
      - {x: -.424999982, y: .0700000003}
    - - {x: -.484999985, y: .170000002}
      - {x: -.494999975, y: .140000001}
      - {x: -.465000004, y: .099999994}
      - {x: -.444999993, y: .099999994}
      - {x: -.424999982, y: .119999997}
      - {x: -.424999982, y: .129999995}
      - {x: -.465000004, y: .170000002}
--- !u!212 &21200000
SpriteRenderer:
  m_ObjectHideFlags: 1
  m_PrefabParentObject: {fileID: 0}
  m_PrefabInternal: {fileID: 100100000}
  m_GameObject: {fileID: 100000}
  m_Enabled: 1
  m_CastShadows: 0
  m_ReceiveShadows: 0
  m_LightmapIndex: 255
  m_LightmapTilingOffset: {x: 1, y: 1, z: 0, w: 0}
  m_Materials:
  - {fileID: 10754, guid: 0000000000000000e000000000000000, type: 0}
  m_SubsetIndices: 
  m_StaticBatchRoot: {fileID: 0}
  m_UseLightProbes: 0
  m_LightProbeAnchor: {fileID: 0}
  m_ScaleInLightmap: 1
  m_SortingLayer: 0
  m_SortingOrder: 0
  m_SortingLayerID: 0
  m_Sprite: {fileID: 21300000, guid: e7f59868fbbb38d48bf8862626cfb763, type: 3}
  m_Color: {r: 1, g: 1, b: 1, a: 1}
--- !u!1001 &100100000
Prefab:
  m_ObjectHideFlags: 1
  serializedVersion: 2
  m_Modification:
    m_TransformParent: {fileID: 0}
    m_Modifications: []
    m_RemovedComponents: []
  m_ParentPrefab: {fileID: 0}
  m_RootGameObject: {fileID: 100000}
  m_IsPrefabParent: 1
  m_IsExploded: 1
