%YAML 1.1
%TAG !u! tag:unity3d.com,2011:
--- !u!29 &1
SceneSettings:
  m_ObjectHideFlags: 0
  m_PVSData: 
  m_PVSObjectsArray: []
  m_PVSPortalsArray: []
  m_OcclusionBakeSettings:
    smallestOccluder: 5
    smallestHole: .25
    backfaceThreshold: 100
--- !u!104 &2
RenderSettings:
  m_Fog: 0
  m_FogColor: {r: .5, g: .5, b: .5, a: 1}
  m_FogMode: 3
  m_FogDensity: .00999999978
  m_LinearFogStart: 0
  m_LinearFogEnd: 300
  m_AmbientLight: {r: .200000003, g: .200000003, b: .200000003, a: 1}
  m_SkyboxMaterial: {fileID: 0}
  m_HaloStrength: .5
  m_FlareStrength: 1
  m_FlareFadeSpeed: 3
  m_HaloTexture: {fileID: 0}
  m_SpotCookie: {fileID: 0}
  m_ObjectHideFlags: 0
--- !u!127 &3
LevelGameManager:
  m_ObjectHideFlags: 0
--- !u!157 &4
LightmapSettings:
  m_ObjectHideFlags: 0
  m_LightProbes: {fileID: 0}
  m_Lightmaps: []
  m_LightmapsMode: 1
  m_BakedColorSpace: 0
  m_UseDualLightmapsInForward: 0
  m_LightmapEditorSettings:
    m_Resolution: 50
    m_LastUsedResolution: 0
    m_TextureWidth: 1024
    m_TextureHeight: 1024
    m_BounceBoost: 1
    m_BounceIntensity: 1
    m_SkyLightColor: {r: .860000014, g: .930000007, b: 1, a: 1}
    m_SkyLightIntensity: 0
    m_Quality: 0
    m_Bounces: 1
    m_FinalGatherRays: 1000
    m_FinalGatherContrastThreshold: .0500000007
    m_FinalGatherGradientThreshold: 0
    m_FinalGatherInterpolationPoints: 15
    m_AOAmount: 0
    m_AOMaxDistance: .100000001
    m_AOContrast: 1
    m_LODSurfaceMappingDistance: 1
    m_Padding: 0
    m_TextureCompression: 0
    m_LockAtlas: 0
--- !u!196 &5
NavMeshSettings:
  m_ObjectHideFlags: 0
  m_BuildSettings:
    agentRadius: .5
    agentHeight: 2
    agentSlope: 45
    agentClimb: .400000006
    ledgeDropHeight: 0
    maxJumpAcrossDistance: 0
    accuratePlacement: 0
    minRegionArea: 2
    widthInaccuracy: 16.666666
    heightInaccuracy: 10
  m_NavMesh: {fileID: 0}
--- !u!1 &77753099
GameObject:
  m_ObjectHideFlags: 0
  m_PrefabParentObject: {fileID: 0}
  m_PrefabInternal: {fileID: 0}
  serializedVersion: 4
  m_Component:
  - 4: {fileID: 77753102}
  - 23: {fileID: 77753101}
  - 102: {fileID: 77753100}
  m_Layer: 0
  m_Name: New Text
  m_TagString: Untagged
  m_Icon: {fileID: 0}
  m_NavMeshLayer: 0
  m_StaticEditorFlags: 0
  m_IsActive: 1
--- !u!102 &77753100
TextMesh:
  serializedVersion: 3
  m_ObjectHideFlags: 0
  m_PrefabParentObject: {fileID: 0}
  m_PrefabInternal: {fileID: 0}
  m_GameObject: {fileID: 77753099}
  m_Text: 3
  m_OffsetZ: 0
  m_CharacterSize: 1
  m_LineSpacing: 1
  m_Anchor: 0
  m_Alignment: 0
  m_TabSize: 4
  m_FontSize: 24
  m_FontStyle: 0
  m_RichText: 1
  m_Font: {fileID: 10102, guid: 0000000000000000e000000000000000, type: 0}
  m_Color:
    serializedVersion: 2
    rgba: 4294967295
--- !u!23 &77753101
Renderer:
  m_ObjectHideFlags: 0
  m_PrefabParentObject: {fileID: 0}
  m_PrefabInternal: {fileID: 0}
  m_GameObject: {fileID: 77753099}
  m_Enabled: 1
  m_CastShadows: 1
  m_ReceiveShadows: 1
  m_LightmapIndex: 255
  m_LightmapTilingOffset: {x: 1, y: 1, z: 0, w: 0}
  m_Materials:
  - {fileID: 10100, guid: 0000000000000000e000000000000000, type: 0}
  m_SubsetIndices: 
  m_StaticBatchRoot: {fileID: 0}
  m_UseLightProbes: 0
  m_LightProbeAnchor: {fileID: 0}
  m_ScaleInLightmap: 1
  m_SortingLayer: 0
  m_SortingOrder: 0
  m_SortingLayerID: 0
--- !u!4 &77753102
Transform:
  m_ObjectHideFlags: 0
  m_PrefabParentObject: {fileID: 0}
  m_PrefabInternal: {fileID: 0}
  m_GameObject: {fileID: 77753099}
  m_LocalRotation: {x: 0, y: 0, z: 0, w: 1}
  m_LocalPosition: {x: 37.9766579, y: -9.10544968, z: 0}
  m_LocalScale: {x: 1, y: 1, z: 1}
  m_Children: []
  m_Father: {fileID: 0}
--- !u!1 &134993703
GameObject:
  m_ObjectHideFlags: 0
  m_PrefabParentObject: {fileID: 100000, guid: e112ed2bfe62b864db2ef196cab6d590, type: 2}
  m_PrefabInternal: {fileID: 1104458697}
  serializedVersion: 4
  m_Component:
  - 4: {fileID: 134993704}
  - 20: {fileID: 134993707}
  - 124: {fileID: 134993706}
  - 92: {fileID: 134993705}
  m_Layer: 0
  m_Name: Camera
  m_TagString: Untagged
  m_Icon: {fileID: 0}
  m_NavMeshLayer: 0
  m_StaticEditorFlags: 0
  m_IsActive: 1
--- !u!4 &134993704
Transform:
  m_ObjectHideFlags: 0
  m_PrefabParentObject: {fileID: 400000, guid: e112ed2bfe62b864db2ef196cab6d590, type: 2}
  m_PrefabInternal: {fileID: 1104458697}
  m_GameObject: {fileID: 134993703}
  m_LocalRotation: {x: 0, y: 0, z: 0, w: 1}
  m_LocalPosition: {x: 0, y: 0, z: 0}
  m_LocalScale: {x: 1, y: 1, z: 1}
  m_Children: []
  m_Father: {fileID: 2138271167}
--- !u!92 &134993705
Behaviour:
  m_ObjectHideFlags: 0
  m_PrefabParentObject: {fileID: 9200000, guid: e112ed2bfe62b864db2ef196cab6d590,
    type: 2}
  m_PrefabInternal: {fileID: 1104458697}
  m_GameObject: {fileID: 134993703}
  m_Enabled: 1
--- !u!124 &134993706
Behaviour:
  m_ObjectHideFlags: 0
  m_PrefabParentObject: {fileID: 12400000, guid: e112ed2bfe62b864db2ef196cab6d590,
    type: 2}
  m_PrefabInternal: {fileID: 1104458697}
  m_GameObject: {fileID: 134993703}
  m_Enabled: 1
--- !u!20 &134993707
Camera:
  m_ObjectHideFlags: 0
  m_PrefabParentObject: {fileID: 2000000, guid: e112ed2bfe62b864db2ef196cab6d590,
    type: 2}
  m_PrefabInternal: {fileID: 1104458697}
  m_GameObject: {fileID: 134993703}
  m_Enabled: 1
  serializedVersion: 2
  m_ClearFlags: 3
  m_BackGroundColor: {r: .129411772, g: 0, b: .152941182, a: .0196078438}
  m_NormalizedViewPortRect:
    serializedVersion: 2
    x: 0
    y: 0
    width: 1
    height: 1
  near clip plane: .300000012
  far clip plane: 1000
  field of view: 60
  orthographic: 0
  orthographic size: 5
  m_Depth: 0
  m_CullingMask:
    serializedVersion: 2
    m_Bits: 4294959103
  m_RenderingPath: -1
  m_TargetTexture: {fileID: 0}
  m_HDR: 0
  m_OcclusionCulling: 1
--- !u!1001 &144022753
Prefab:
  m_ObjectHideFlags: 0
  serializedVersion: 2
  m_Modification:
    m_TransformParent: {fileID: 0}
    m_Modifications:
    - target: {fileID: 400000, guid: 8a62ace5f29fde24291c0bde013894f0, type: 2}
      propertyPath: m_LocalPosition.x
      value: -43.2339058
      objectReference: {fileID: 0}
    - target: {fileID: 400000, guid: 8a62ace5f29fde24291c0bde013894f0, type: 2}
      propertyPath: m_LocalPosition.y
      value: 18.7247028
      objectReference: {fileID: 0}
    - target: {fileID: 400000, guid: 8a62ace5f29fde24291c0bde013894f0, type: 2}
      propertyPath: m_LocalPosition.z
      value: 0
      objectReference: {fileID: 0}
    - target: {fileID: 400000, guid: 8a62ace5f29fde24291c0bde013894f0, type: 2}
      propertyPath: m_LocalRotation.x
      value: 0
      objectReference: {fileID: 0}
    - target: {fileID: 400000, guid: 8a62ace5f29fde24291c0bde013894f0, type: 2}
      propertyPath: m_LocalRotation.y
      value: 0
      objectReference: {fileID: 0}
    - target: {fileID: 400000, guid: 8a62ace5f29fde24291c0bde013894f0, type: 2}
      propertyPath: m_LocalRotation.z
      value: 0
      objectReference: {fileID: 0}
    - target: {fileID: 400000, guid: 8a62ace5f29fde24291c0bde013894f0, type: 2}
      propertyPath: m_LocalRotation.w
      value: 1
      objectReference: {fileID: 0}
    - target: {fileID: 11400002, guid: 8a62ace5f29fde24291c0bde013894f0, type: 2}
      propertyPath: player
      value: 
      objectReference: {fileID: 1185558037}
    m_RemovedComponents: []
  m_ParentPrefab: {fileID: 100100000, guid: 8a62ace5f29fde24291c0bde013894f0, type: 2}
  m_RootGameObject: {fileID: 400758479}
  m_IsPrefabParent: 0
  m_IsExploded: 1
--- !u!1 &328036934
GameObject:
  m_ObjectHideFlags: 0
  m_PrefabParentObject: {fileID: 100000, guid: 3ffd850f94f2b2141a5d45e73c501412, type: 2}
  m_PrefabInternal: {fileID: 1053497559}
  serializedVersion: 4
  m_Component:
  - 4: {fileID: 328036939}
  - 212: {fileID: 328036938}
  - 114: {fileID: 328036937}
  - 61: {fileID: 328036936}
  - 50: {fileID: 328036935}
  m_Layer: 13
  m_Name: background1.2
  m_TagString: BG
  m_Icon: {fileID: 0}
  m_NavMeshLayer: 0
  m_StaticEditorFlags: 0
  m_IsActive: 1
--- !u!50 &328036935
Rigidbody2D:
  m_ObjectHideFlags: 0
  m_PrefabParentObject: {fileID: 5000000, guid: 3ffd850f94f2b2141a5d45e73c501412,
    type: 2}
  m_PrefabInternal: {fileID: 1053497559}
  m_GameObject: {fileID: 328036934}
  m_Mass: 1
  m_LinearDrag: 0
  m_AngularDrag: .0500000007
  m_GravityScale: 1
  m_FixedAngle: 1
  m_IsKinematic: 1
  m_Interpolate: 0
  m_SleepingMode: 1
  m_CollisionDetection: 0
--- !u!61 &328036936
BoxCollider2D:
  m_ObjectHideFlags: 0
  m_PrefabParentObject: {fileID: 6100000, guid: 3ffd850f94f2b2141a5d45e73c501412,
    type: 2}
  m_PrefabInternal: {fileID: 1053497559}
  m_GameObject: {fileID: 328036934}
  m_Enabled: 1
  m_Material: {fileID: 0}
  m_IsTrigger: 1
  m_Size: {x: 40, y: 20.9300022}
  m_Center: {x: 0, y: 0}
--- !u!114 &328036937
MonoBehaviour:
  m_ObjectHideFlags: 0
  m_PrefabParentObject: {fileID: 11400000, guid: 3ffd850f94f2b2141a5d45e73c501412,
    type: 2}
  m_PrefabInternal: {fileID: 1053497559}
  m_GameObject: {fileID: 328036934}
  m_Enabled: 1
  m_EditorHideFlags: 0
  m_Script: {fileID: 11500000, guid: 6d8620c0653d5374bafb5ce00b98b9f6, type: 3}
  m_Name: 
  m_EditorClassIdentifier: 
--- !u!212 &328036938
SpriteRenderer:
  m_ObjectHideFlags: 0
  m_PrefabParentObject: {fileID: 21200000, guid: 3ffd850f94f2b2141a5d45e73c501412,
    type: 2}
  m_PrefabInternal: {fileID: 1053497559}
  m_GameObject: {fileID: 328036934}
  m_Enabled: 1
  m_CastShadows: 0
  m_ReceiveShadows: 0
  m_LightmapIndex: 255
  m_LightmapTilingOffset: {x: 1, y: 1, z: 0, w: 0}
  m_Materials:
  - {fileID: 10754, guid: 0000000000000000e000000000000000, type: 0}
  m_SubsetIndices: 
  m_StaticBatchRoot: {fileID: 0}
  m_UseLightProbes: 0
  m_LightProbeAnchor: {fileID: 0}
  m_ScaleInLightmap: 1
  m_SortingLayer: 0
  m_SortingOrder: 0
  m_SortingLayerID: 0
  m_Sprite: {fileID: 21300000, guid: 6a950d5fed4019e4e86b713fed850c97, type: 3}
  m_Color: {r: 1, g: 1, b: 1, a: 1}
--- !u!4 &328036939
Transform:
  m_ObjectHideFlags: 0
  m_PrefabParentObject: {fileID: 400000, guid: 3ffd850f94f2b2141a5d45e73c501412, type: 2}
  m_PrefabInternal: {fileID: 1053497559}
  m_GameObject: {fileID: 328036934}
  m_LocalRotation: {x: 0, y: 0, z: 0, w: 1}
  m_LocalPosition: {x: -3.98005295, y: -5.78917503, z: 20}
  m_LocalScale: {x: 6.01864958, y: 6.01862669, z: 1}
  m_Children: []
  m_Father: {fileID: 0}
--- !u!1 &331284286
GameObject:
  m_ObjectHideFlags: 0
  m_PrefabParentObject: {fileID: 0}
  m_PrefabInternal: {fileID: 0}
  serializedVersion: 4
  m_Component:
  - 4: {fileID: 331284289}
  - 23: {fileID: 331284288}
  - 102: {fileID: 331284287}
  m_Layer: 0
  m_Name: New Text
  m_TagString: Untagged
  m_Icon: {fileID: 0}
  m_NavMeshLayer: 0
  m_StaticEditorFlags: 0
  m_IsActive: 1
--- !u!102 &331284287
TextMesh:
  serializedVersion: 3
  m_ObjectHideFlags: 0
  m_PrefabParentObject: {fileID: 0}
  m_PrefabInternal: {fileID: 0}
  m_GameObject: {fileID: 331284286}
  m_Text: '-'
  m_OffsetZ: 0
  m_CharacterSize: 1
  m_LineSpacing: 1
  m_Anchor: 0
  m_Alignment: 0
  m_TabSize: 4
  m_FontSize: 24
  m_FontStyle: 0
  m_RichText: 1
  m_Font: {fileID: 10102, guid: 0000000000000000e000000000000000, type: 0}
  m_Color:
    serializedVersion: 2
    rgba: 4294967295
--- !u!23 &331284288
Renderer:
  m_ObjectHideFlags: 0
  m_PrefabParentObject: {fileID: 0}
  m_PrefabInternal: {fileID: 0}
  m_GameObject: {fileID: 331284286}
  m_Enabled: 1
  m_CastShadows: 1
  m_ReceiveShadows: 1
  m_LightmapIndex: 255
  m_LightmapTilingOffset: {x: 1, y: 1, z: 0, w: 0}
  m_Materials:
  - {fileID: 10100, guid: 0000000000000000e000000000000000, type: 0}
  m_SubsetIndices: 
  m_StaticBatchRoot: {fileID: 0}
  m_UseLightProbes: 0
  m_LightProbeAnchor: {fileID: 0}
  m_ScaleInLightmap: 1
  m_SortingLayer: 0
  m_SortingOrder: 0
  m_SortingLayerID: 0
--- !u!4 &331284289
Transform:
  m_ObjectHideFlags: 0
  m_PrefabParentObject: {fileID: 0}
  m_PrefabInternal: {fileID: 0}
  m_GameObject: {fileID: 331284286}
  m_LocalRotation: {x: 0, y: 0, z: 0, w: 1}
  m_LocalPosition: {x: 38.0909538, y: 23.9093285, z: 0}
  m_LocalScale: {x: 1, y: 1, z: 1}
  m_Children: []
  m_Father: {fileID: 0}
--- !u!1 &335955663
GameObject:
  m_ObjectHideFlags: 0
  m_PrefabParentObject: {fileID: 0}
  m_PrefabInternal: {fileID: 0}
  serializedVersion: 4
  m_Component:
  - 4: {fileID: 335955666}
  - 23: {fileID: 335955665}
  - 102: {fileID: 335955664}
  m_Layer: 0
  m_Name: New Text
  m_TagString: Untagged
  m_Icon: {fileID: 0}
  m_NavMeshLayer: 0
  m_StaticEditorFlags: 0
  m_IsActive: 1
--- !u!102 &335955664
TextMesh:
  serializedVersion: 3
  m_ObjectHideFlags: 0
  m_PrefabParentObject: {fileID: 0}
  m_PrefabInternal: {fileID: 0}
  m_GameObject: {fileID: 335955663}
  m_Text: 1
  m_OffsetZ: 0
  m_CharacterSize: 1
  m_LineSpacing: 1
  m_Anchor: 0
  m_Alignment: 0
  m_TabSize: 4
  m_FontSize: 24
  m_FontStyle: 0
  m_RichText: 1
  m_Font: {fileID: 10102, guid: 0000000000000000e000000000000000, type: 0}
  m_Color:
    serializedVersion: 2
    rgba: 4294967295
--- !u!23 &335955665
Renderer:
  m_ObjectHideFlags: 0
  m_PrefabParentObject: {fileID: 0}
  m_PrefabInternal: {fileID: 0}
  m_GameObject: {fileID: 335955663}
  m_Enabled: 1
  m_CastShadows: 1
  m_ReceiveShadows: 1
  m_LightmapIndex: 255
  m_LightmapTilingOffset: {x: 1, y: 1, z: 0, w: 0}
  m_Materials:
  - {fileID: 10100, guid: 0000000000000000e000000000000000, type: 0}
  m_SubsetIndices: 
  m_StaticBatchRoot: {fileID: 0}
  m_UseLightProbes: 0
  m_LightProbeAnchor: {fileID: 0}
  m_ScaleInLightmap: 1
  m_SortingLayer: 0
  m_SortingOrder: 0
  m_SortingLayerID: 0
--- !u!4 &335955666
Transform:
  m_ObjectHideFlags: 0
  m_PrefabParentObject: {fileID: 0}
  m_PrefabInternal: {fileID: 0}
  m_GameObject: {fileID: 335955663}
  m_LocalRotation: {x: 0, y: 0, z: 0, w: 1}
  m_LocalPosition: {x: 54.6347351, y: 12.9490814, z: 0}
  m_LocalScale: {x: 1, y: 1, z: 1}
  m_Children: []
  m_Father: {fileID: 0}
--- !u!1 &400758479
GameObject:
  m_ObjectHideFlags: 0
  m_PrefabParentObject: {fileID: 100000, guid: 8a62ace5f29fde24291c0bde013894f0, type: 2}
  m_PrefabInternal: {fileID: 144022753}
  serializedVersion: 4
  m_Component:
  - 4: {fileID: 400758484}
  - 212: {fileID: 400758483}
  - 50: {fileID: 400758482}
  - 58: {fileID: 400758481}
  - 114: {fileID: 400758480}
  - 96: {fileID: 400758485}
  m_Layer: 0
  m_Name: Enemy
  m_TagString: Untagged
  m_Icon: {fileID: 0}
  m_NavMeshLayer: 0
  m_StaticEditorFlags: 0
  m_IsActive: 1
--- !u!114 &400758480
MonoBehaviour:
  m_ObjectHideFlags: 0
  m_PrefabParentObject: {fileID: 11400002, guid: 8a62ace5f29fde24291c0bde013894f0,
    type: 2}
  m_PrefabInternal: {fileID: 144022753}
  m_GameObject: {fileID: 400758479}
  m_Enabled: 1
  m_EditorHideFlags: 0
  m_Script: {fileID: 11500000, guid: 519be33824e75e641ae1654b6f85b872, type: 3}
  m_Name: 
  m_EditorClassIdentifier: 
  player: {fileID: 1185558037}
--- !u!58 &400758481
CircleCollider2D:
  m_ObjectHideFlags: 0
  m_PrefabParentObject: {fileID: 5800000, guid: 8a62ace5f29fde24291c0bde013894f0,
    type: 2}
  m_PrefabInternal: {fileID: 144022753}
  m_GameObject: {fileID: 400758479}
  m_Enabled: 1
  m_Material: {fileID: 0}
  m_IsTrigger: 0
  m_Radius: 8
  m_Center: {x: 0, y: 3}
--- !u!50 &400758482
Rigidbody2D:
  m_ObjectHideFlags: 0
  m_PrefabParentObject: {fileID: 5000000, guid: 8a62ace5f29fde24291c0bde013894f0,
    type: 2}
  m_PrefabInternal: {fileID: 144022753}
  m_GameObject: {fileID: 400758479}
  m_Mass: 1
  m_LinearDrag: .0500000007
  m_AngularDrag: .0500000007
  m_GravityScale: 0
  m_FixedAngle: 0
  m_IsKinematic: 0
  m_Interpolate: 0
  m_SleepingMode: 1
  m_CollisionDetection: 0
--- !u!212 &400758483
SpriteRenderer:
  m_ObjectHideFlags: 0
  m_PrefabParentObject: {fileID: 21200000, guid: 8a62ace5f29fde24291c0bde013894f0,
    type: 2}
  m_PrefabInternal: {fileID: 144022753}
  m_GameObject: {fileID: 400758479}
  m_Enabled: 1
  m_CastShadows: 0
  m_ReceiveShadows: 0
  m_LightmapIndex: 255
  m_LightmapTilingOffset: {x: 1, y: 1, z: 0, w: 0}
  m_Materials:
  - {fileID: 10754, guid: 0000000000000000e000000000000000, type: 0}
  m_SubsetIndices: 
  m_StaticBatchRoot: {fileID: 0}
  m_UseLightProbes: 0
  m_LightProbeAnchor: {fileID: 0}
  m_ScaleInLightmap: 1
  m_SortingLayer: 0
  m_SortingOrder: 0
  m_SortingLayerID: 0
  m_Sprite: {fileID: 21300000, guid: 0181647e22519ce498099dc23839531d, type: 3}
  m_Color: {r: 1, g: 1, b: 1, a: 1}
--- !u!4 &400758484
Transform:
  m_ObjectHideFlags: 0
  m_PrefabParentObject: {fileID: 400000, guid: 8a62ace5f29fde24291c0bde013894f0, type: 2}
  m_PrefabInternal: {fileID: 144022753}
  m_GameObject: {fileID: 400758479}
  m_LocalRotation: {x: 0, y: 0, z: 0, w: 1}
  m_LocalPosition: {x: -43.2339058, y: 18.7247028, z: 0}
  m_LocalScale: {x: .200000003, y: .200000003, z: 1}
  m_Children: []
  m_Father: {fileID: 0}
--- !u!96 &400758485
TrailRenderer:
  m_ObjectHideFlags: 0
  m_PrefabParentObject: {fileID: 9600000, guid: 8a62ace5f29fde24291c0bde013894f0,
    type: 2}
  m_PrefabInternal: {fileID: 144022753}
  m_GameObject: {fileID: 400758479}
  m_Enabled: 1
  m_CastShadows: 1
  m_ReceiveShadows: 1
  m_LightmapIndex: 255
  m_LightmapTilingOffset: {x: 1, y: 1, z: 0, w: 0}
  m_Materials:
  - {fileID: 2100000, guid: e667992b28845df99060a8f876d1d11b, type: 2}
  m_SubsetIndices: 
  m_StaticBatchRoot: {fileID: 0}
  m_UseLightProbes: 0
  m_LightProbeAnchor: {fileID: 0}
  m_ScaleInLightmap: 1
  m_SortingLayer: 0
  m_SortingOrder: 0
  m_SortingLayerID: 0
  m_Time: 1
  m_StartWidth: 1
  m_EndWidth: 1
  m_Colors:
    m_Color[0]:
      serializedVersion: 2
      rgba: 4278255400
    m_Color[1]:
      serializedVersion: 2
      rgba: 4278255144
    m_Color[2]:
      serializedVersion: 2
      rgba: 4278254888
    m_Color[3]:
      serializedVersion: 2
      rgba: 4278254632
    m_Color[4]:
      serializedVersion: 2
      rgba: 64296
  m_MinVertexDistance: .100000001
  m_Autodestruct: 0
--- !u!1 &403328806
GameObject:
  m_ObjectHideFlags: 0
  m_PrefabParentObject: {fileID: 100000, guid: b6c6e5e97d961bf49aa94e7d348ffa0f, type: 2}
  m_PrefabInternal: {fileID: 877323888}
  serializedVersion: 4
  m_Component:
  - 4: {fileID: 403328807}
  - 212: {fileID: 403328809}
  - 95: {fileID: 403328808}
  m_Layer: 0
  m_Name: Pulse_0
  m_TagString: Untagged
  m_Icon: {fileID: 0}
  m_NavMeshLayer: 0
  m_StaticEditorFlags: 0
  m_IsActive: 1
--- !u!4 &403328807
Transform:
  m_ObjectHideFlags: 0
  m_PrefabParentObject: {fileID: 400000, guid: b6c6e5e97d961bf49aa94e7d348ffa0f, type: 2}
  m_PrefabInternal: {fileID: 877323888}
  m_GameObject: {fileID: 403328806}
  m_LocalRotation: {x: 0, y: 0, z: 0, w: 1}
  m_LocalPosition: {x: 0, y: 0, z: 0}
  m_LocalScale: {x: 5, y: 5, z: 1}
  m_Children: []
  m_Father: {fileID: 1331618248}
--- !u!95 &403328808
Animator:
  serializedVersion: 2
  m_ObjectHideFlags: 0
  m_PrefabParentObject: {fileID: 9500000, guid: b6c6e5e97d961bf49aa94e7d348ffa0f,
    type: 2}
  m_PrefabInternal: {fileID: 877323888}
  m_GameObject: {fileID: 403328806}
  m_Enabled: 1
  m_Avatar: {fileID: 0}
  m_Controller: {fileID: 9100000, guid: 52946186f92389744a7e1cf6ac31fa37, type: 2}
  m_CullingMode: 0
  m_ApplyRootMotion: 1
  m_AnimatePhysics: 0
  m_HasTransformHierarchy: 1
--- !u!212 &403328809
SpriteRenderer:
  m_ObjectHideFlags: 0
  m_PrefabParentObject: {fileID: 21200000, guid: b6c6e5e97d961bf49aa94e7d348ffa0f,
    type: 2}
  m_PrefabInternal: {fileID: 877323888}
  m_GameObject: {fileID: 403328806}
  m_Enabled: 1
  m_CastShadows: 0
  m_ReceiveShadows: 0
  m_LightmapIndex: 255
  m_LightmapTilingOffset: {x: 1, y: 1, z: 0, w: 0}
  m_Materials:
  - {fileID: 10754, guid: 0000000000000000e000000000000000, type: 0}
  m_SubsetIndices: 
  m_StaticBatchRoot: {fileID: 0}
  m_UseLightProbes: 0
  m_LightProbeAnchor: {fileID: 0}
  m_ScaleInLightmap: 1
  m_SortingLayer: 0
  m_SortingOrder: 0
  m_SortingLayerID: 0
  m_Sprite: {fileID: 21300000, guid: 3487c718f65f5f34eb0775225bc22d6d, type: 3}
  m_Color: {r: 1, g: 1, b: 1, a: 1}
--- !u!1 &473985674
GameObject:
  m_ObjectHideFlags: 0
  m_PrefabParentObject: {fileID: 0}
  m_PrefabInternal: {fileID: 0}
  serializedVersion: 4
  m_Component:
  - 4: {fileID: 473985677}
  - 23: {fileID: 473985676}
  - 102: {fileID: 473985675}
  m_Layer: 0
  m_Name: New Text
  m_TagString: Untagged
  m_Icon: {fileID: 0}
  m_NavMeshLayer: 0
  m_StaticEditorFlags: 0
  m_IsActive: 1
--- !u!102 &473985675
TextMesh:
  serializedVersion: 3
  m_ObjectHideFlags: 0
  m_PrefabParentObject: {fileID: 0}
  m_PrefabInternal: {fileID: 0}
  m_GameObject: {fileID: 473985674}
  m_Text: '-'
  m_OffsetZ: 0
  m_CharacterSize: 1
  m_LineSpacing: 1
  m_Anchor: 0
  m_Alignment: 0
  m_TabSize: 4
  m_FontSize: 24
  m_FontStyle: 0
  m_RichText: 1
  m_Font: {fileID: 10102, guid: 0000000000000000e000000000000000, type: 0}
  m_Color:
    serializedVersion: 2
    rgba: 4294967295
--- !u!23 &473985676
Renderer:
  m_ObjectHideFlags: 0
  m_PrefabParentObject: {fileID: 0}
  m_PrefabInternal: {fileID: 0}
  m_GameObject: {fileID: 473985674}
  m_Enabled: 1
  m_CastShadows: 1
  m_ReceiveShadows: 1
  m_LightmapIndex: 255
  m_LightmapTilingOffset: {x: 1, y: 1, z: 0, w: 0}
  m_Materials:
  - {fileID: 10100, guid: 0000000000000000e000000000000000, type: 0}
  m_SubsetIndices: 
  m_StaticBatchRoot: {fileID: 0}
  m_UseLightProbes: 0
  m_LightProbeAnchor: {fileID: 0}
  m_ScaleInLightmap: 1
  m_SortingLayer: 0
  m_SortingOrder: 0
  m_SortingLayerID: 0
--- !u!4 &473985677
Transform:
  m_ObjectHideFlags: 0
  m_PrefabParentObject: {fileID: 0}
  m_PrefabInternal: {fileID: 0}
  m_GameObject: {fileID: 473985674}
  m_LocalRotation: {x: 0, y: 0, z: 0, w: 1}
  m_LocalPosition: {x: 29.8190804, y: 21.6345596, z: 0}
  m_LocalScale: {x: 1, y: 1, z: 1}
  m_Children: []
  m_Father: {fileID: 0}
--- !u!1 &551731748
GameObject:
  m_ObjectHideFlags: 0
  m_PrefabParentObject: {fileID: 100000, guid: 4b46d394becc9c64e8d27fdb1d29f85f, type: 2}
  m_PrefabInternal: {fileID: 1034282770}
  serializedVersion: 4
  m_Component:
  - 4: {fileID: 551731749}
  - 212: {fileID: 551731751}
  - 95: {fileID: 551731750}
  m_Layer: 0
  m_Name: Att_0
  m_TagString: Untagged
  m_Icon: {fileID: 0}
  m_NavMeshLayer: 0
  m_StaticEditorFlags: 0
  m_IsActive: 1
--- !u!4 &551731749
Transform:
  m_ObjectHideFlags: 0
  m_PrefabParentObject: {fileID: 400000, guid: 4b46d394becc9c64e8d27fdb1d29f85f, type: 2}
  m_PrefabInternal: {fileID: 1034282770}
  m_GameObject: {fileID: 551731748}
  m_LocalRotation: {x: 0, y: 0, z: 0, w: 1}
  m_LocalPosition: {x: 0, y: 0, z: 0}
  m_LocalScale: {x: 5, y: 5, z: 1}
  m_Children: []
  m_Father: {fileID: 1978060097}
--- !u!95 &551731750
Animator:
  serializedVersion: 2
  m_ObjectHideFlags: 0
  m_PrefabParentObject: {fileID: 9500002, guid: 4b46d394becc9c64e8d27fdb1d29f85f,
    type: 2}
  m_PrefabInternal: {fileID: 1034282770}
  m_GameObject: {fileID: 551731748}
  m_Enabled: 1
  m_Avatar: {fileID: 0}
  m_Controller: {fileID: 9100000, guid: 15cc9891c7f54c74d8f7b001eb384285, type: 2}
  m_CullingMode: 0
  m_ApplyRootMotion: 1
  m_AnimatePhysics: 0
  m_HasTransformHierarchy: 1
--- !u!212 &551731751
SpriteRenderer:
  m_ObjectHideFlags: 0
  m_PrefabParentObject: {fileID: 21200000, guid: 4b46d394becc9c64e8d27fdb1d29f85f,
    type: 2}
  m_PrefabInternal: {fileID: 1034282770}
  m_GameObject: {fileID: 551731748}
  m_Enabled: 1
  m_CastShadows: 0
  m_ReceiveShadows: 0
  m_LightmapIndex: 255
  m_LightmapTilingOffset: {x: 1, y: 1, z: 0, w: 0}
  m_Materials:
  - {fileID: 10754, guid: 0000000000000000e000000000000000, type: 0}
  m_SubsetIndices: 
  m_StaticBatchRoot: {fileID: 0}
  m_UseLightProbes: 0
  m_LightProbeAnchor: {fileID: 0}
  m_ScaleInLightmap: 1
  m_SortingLayer: 0
  m_SortingOrder: 0
  m_SortingLayerID: 0
  m_Sprite: {fileID: 21300000, guid: bb5488cd9c602374dbf39691f163b87f, type: 3}
  m_Color: {r: 1, g: 1, b: 1, a: 1}
--- !u!1 &667508270
GameObject:
  m_ObjectHideFlags: 0
  m_PrefabParentObject: {fileID: 0}
  m_PrefabInternal: {fileID: 0}
  serializedVersion: 4
  m_Component:
  - 4: {fileID: 667508273}
  - 23: {fileID: 667508272}
  - 102: {fileID: 667508271}
  m_Layer: 0
  m_Name: New Text
  m_TagString: Untagged
  m_Icon: {fileID: 0}
  m_NavMeshLayer: 0
  m_StaticEditorFlags: 0
  m_IsActive: 1
--- !u!102 &667508271
TextMesh:
  serializedVersion: 3
  m_ObjectHideFlags: 0
  m_PrefabParentObject: {fileID: 0}
  m_PrefabInternal: {fileID: 0}
  m_GameObject: {fileID: 667508270}
  m_Text: '-'
  m_OffsetZ: 0
  m_CharacterSize: 1
  m_LineSpacing: 1
  m_Anchor: 0
  m_Alignment: 0
  m_TabSize: 4
  m_FontSize: 24
  m_FontStyle: 0
  m_RichText: 1
  m_Font: {fileID: 10102, guid: 0000000000000000e000000000000000, type: 0}
  m_Color:
    serializedVersion: 2
    rgba: 4294967295
--- !u!23 &667508272
Renderer:
  m_ObjectHideFlags: 0
  m_PrefabParentObject: {fileID: 0}
  m_PrefabInternal: {fileID: 0}
  m_GameObject: {fileID: 667508270}
  m_Enabled: 1
  m_CastShadows: 1
  m_ReceiveShadows: 1
  m_LightmapIndex: 255
  m_LightmapTilingOffset: {x: 1, y: 1, z: 0, w: 0}
  m_Materials:
  - {fileID: 10100, guid: 0000000000000000e000000000000000, type: 0}
  m_SubsetIndices: 
  m_StaticBatchRoot: {fileID: 0}
  m_UseLightProbes: 0
  m_LightProbeAnchor: {fileID: 0}
  m_ScaleInLightmap: 1
  m_SortingLayer: 0
  m_SortingOrder: 0
  m_SortingLayerID: 0
--- !u!4 &667508273
Transform:
  m_ObjectHideFlags: 0
  m_PrefabParentObject: {fileID: 0}
  m_PrefabInternal: {fileID: 0}
  m_GameObject: {fileID: 667508270}
  m_LocalRotation: {x: 0, y: 0, z: 0, w: 1}
  m_LocalPosition: {x: -32.4180145, y: 8.86792469, z: 0}
  m_LocalScale: {x: 1, y: 1, z: 1}
  m_Children: []
  m_Father: {fileID: 0}
--- !u!1 &670456089
GameObject:
  m_ObjectHideFlags: 0
  m_PrefabParentObject: {fileID: 0}
  m_PrefabInternal: {fileID: 0}
  serializedVersion: 4
  m_Component:
  - 4: {fileID: 670456092}
  - 23: {fileID: 670456091}
  - 102: {fileID: 670456090}
  m_Layer: 0
  m_Name: New Text
  m_TagString: Untagged
  m_Icon: {fileID: 0}
  m_NavMeshLayer: 0
  m_StaticEditorFlags: 0
  m_IsActive: 1
--- !u!102 &670456090
TextMesh:
  serializedVersion: 3
  m_ObjectHideFlags: 0
  m_PrefabParentObject: {fileID: 0}
  m_PrefabInternal: {fileID: 0}
  m_GameObject: {fileID: 670456089}
  m_Text: 2
  m_OffsetZ: 0
  m_CharacterSize: 1
  m_LineSpacing: 1
  m_Anchor: 0
  m_Alignment: 0
  m_TabSize: 4
  m_FontSize: 24
  m_FontStyle: 0
  m_RichText: 1
  m_Font: {fileID: 10102, guid: 0000000000000000e000000000000000, type: 0}
  m_Color:
    serializedVersion: 2
    rgba: 4294967295
--- !u!23 &670456091
Renderer:
  m_ObjectHideFlags: 0
  m_PrefabParentObject: {fileID: 0}
  m_PrefabInternal: {fileID: 0}
  m_GameObject: {fileID: 670456089}
  m_Enabled: 1
  m_CastShadows: 1
  m_ReceiveShadows: 1
  m_LightmapIndex: 255
  m_LightmapTilingOffset: {x: 1, y: 1, z: 0, w: 0}
  m_Materials:
  - {fileID: 10100, guid: 0000000000000000e000000000000000, type: 0}
  m_SubsetIndices: 
  m_StaticBatchRoot: {fileID: 0}
  m_UseLightProbes: 0
  m_LightProbeAnchor: {fileID: 0}
  m_ScaleInLightmap: 1
  m_SortingLayer: 0
  m_SortingOrder: 0
  m_SortingLayerID: 0
--- !u!4 &670456092
Transform:
  m_ObjectHideFlags: 0
  m_PrefabParentObject: {fileID: 0}
  m_PrefabInternal: {fileID: 0}
  m_GameObject: {fileID: 670456089}
  m_LocalRotation: {x: 0, y: 0, z: 0, w: 1}
  m_LocalPosition: {x: 54.7219086, y: -2.02783537, z: 0}
  m_LocalScale: {x: 1, y: 1, z: 1}
  m_Children: []
  m_Father: {fileID: 0}
--- !u!1 &756853226
GameObject:
  m_ObjectHideFlags: 0
  m_PrefabParentObject: {fileID: 100000, guid: fde91e5db487ede489c0a3423eca0783, type: 2}
  m_PrefabInternal: {fileID: 845603669}
  serializedVersion: 4
  m_Component:
  - 4: {fileID: 756853231}
  - 212: {fileID: 756853230}
  - 58: {fileID: 756853229}
  - 50: {fileID: 756853228}
  - 114: {fileID: 756853227}
  m_Layer: 13
  m_Name: Goal
  m_TagString: Untagged
  m_Icon: {fileID: 0}
  m_NavMeshLayer: 0
  m_StaticEditorFlags: 0
  m_IsActive: 1
--- !u!114 &756853227
MonoBehaviour:
  m_ObjectHideFlags: 0
  m_PrefabParentObject: {fileID: 11400000, guid: fde91e5db487ede489c0a3423eca0783,
    type: 2}
  m_PrefabInternal: {fileID: 845603669}
  m_GameObject: {fileID: 756853226}
  m_Enabled: 1
  m_EditorHideFlags: 0
  m_Script: {fileID: 11500000, guid: 1d0023ea0e778684680d45301abfe1ca, type: 3}
  m_Name: 
  m_EditorClassIdentifier: 
  nextLevelName: Level10
--- !u!50 &756853228
Rigidbody2D:
  m_ObjectHideFlags: 0
  m_PrefabParentObject: {fileID: 5000000, guid: fde91e5db487ede489c0a3423eca0783,
    type: 2}
  m_PrefabInternal: {fileID: 845603669}
  m_GameObject: {fileID: 756853226}
  m_Mass: 1
  m_LinearDrag: 0
  m_AngularDrag: .0500000007
  m_GravityScale: 0
  m_FixedAngle: 1
  m_IsKinematic: 1
  m_Interpolate: 0
  m_SleepingMode: 1
  m_CollisionDetection: 0
--- !u!58 &756853229
CircleCollider2D:
  m_ObjectHideFlags: 0
  m_PrefabParentObject: {fileID: 5800000, guid: fde91e5db487ede489c0a3423eca0783,
    type: 2}
  m_PrefabInternal: {fileID: 845603669}
  m_GameObject: {fileID: 756853226}
  m_Enabled: 1
  m_Material: {fileID: 0}
  m_IsTrigger: 0
  m_Radius: 1.5
  m_Center: {x: 0, y: 0}
--- !u!212 &756853230
SpriteRenderer:
  m_ObjectHideFlags: 0
  m_PrefabParentObject: {fileID: 21200000, guid: fde91e5db487ede489c0a3423eca0783,
    type: 2}
  m_PrefabInternal: {fileID: 845603669}
  m_GameObject: {fileID: 756853226}
  m_Enabled: 1
  m_CastShadows: 0
  m_ReceiveShadows: 0
  m_LightmapIndex: 255
  m_LightmapTilingOffset: {x: 1, y: 1, z: 0, w: 0}
  m_Materials:
  - {fileID: 10754, guid: 0000000000000000e000000000000000, type: 0}
  m_SubsetIndices: 
  m_StaticBatchRoot: {fileID: 0}
  m_UseLightProbes: 0
  m_LightProbeAnchor: {fileID: 0}
  m_ScaleInLightmap: 1
  m_SortingLayer: 0
  m_SortingOrder: 0
  m_SortingLayerID: 0
  m_Sprite: {fileID: 21300000, guid: c71abeed34e0a3746bb5258563a1d504, type: 3}
  m_Color: {r: 1, g: 1, b: 1, a: 1}
--- !u!4 &756853231
Transform:
  m_ObjectHideFlags: 0
  m_PrefabParentObject: {fileID: 400000, guid: fde91e5db487ede489c0a3423eca0783, type: 2}
  m_PrefabInternal: {fileID: 845603669}
  m_GameObject: {fileID: 756853226}
  m_LocalRotation: {x: 0, y: 0, z: 0, w: 1}
  m_LocalPosition: {x: -40.1733742, y: 5.26807022, z: 0}
  m_LocalScale: {x: 5, y: 5, z: 1}
  m_Children: []
  m_Father: {fileID: 0}
--- !u!1001 &810440378
Prefab:
  m_ObjectHideFlags: 0
  serializedVersion: 2
  m_Modification:
    m_TransformParent: {fileID: 0}
    m_Modifications:
    - target: {fileID: 400000, guid: 8a62ace5f29fde24291c0bde013894f0, type: 2}
      propertyPath: m_LocalPosition.x
      value: -42.9104462
      objectReference: {fileID: 0}
    - target: {fileID: 400000, guid: 8a62ace5f29fde24291c0bde013894f0, type: 2}
      propertyPath: m_LocalPosition.y
      value: 14.1876516
      objectReference: {fileID: 0}
    - target: {fileID: 400000, guid: 8a62ace5f29fde24291c0bde013894f0, type: 2}
      propertyPath: m_LocalPosition.z
      value: 0
      objectReference: {fileID: 0}
    - target: {fileID: 400000, guid: 8a62ace5f29fde24291c0bde013894f0, type: 2}
      propertyPath: m_LocalRotation.x
      value: 0
      objectReference: {fileID: 0}
    - target: {fileID: 400000, guid: 8a62ace5f29fde24291c0bde013894f0, type: 2}
      propertyPath: m_LocalRotation.y
      value: 0
      objectReference: {fileID: 0}
    - target: {fileID: 400000, guid: 8a62ace5f29fde24291c0bde013894f0, type: 2}
      propertyPath: m_LocalRotation.z
      value: 0
      objectReference: {fileID: 0}
    - target: {fileID: 400000, guid: 8a62ace5f29fde24291c0bde013894f0, type: 2}
      propertyPath: m_LocalRotation.w
      value: 1
      objectReference: {fileID: 0}
    - target: {fileID: 11400002, guid: 8a62ace5f29fde24291c0bde013894f0, type: 2}
      propertyPath: player
      value: 
      objectReference: {fileID: 1185558037}
    m_RemovedComponents: []
  m_ParentPrefab: {fileID: 100100000, guid: 8a62ace5f29fde24291c0bde013894f0, type: 2}
  m_RootGameObject: {fileID: 859170524}
  m_IsPrefabParent: 0
  m_IsExploded: 1
--- !u!1001 &845603669
Prefab:
  m_ObjectHideFlags: 0
  serializedVersion: 2
  m_Modification:
    m_TransformParent: {fileID: 0}
    m_Modifications:
    - target: {fileID: 400000, guid: fde91e5db487ede489c0a3423eca0783, type: 2}
      propertyPath: m_LocalPosition.x
      value: -40.1733742
      objectReference: {fileID: 0}
    - target: {fileID: 400000, guid: fde91e5db487ede489c0a3423eca0783, type: 2}
      propertyPath: m_LocalPosition.y
      value: 5.26807022
      objectReference: {fileID: 0}
    - target: {fileID: 400000, guid: fde91e5db487ede489c0a3423eca0783, type: 2}
      propertyPath: m_LocalPosition.z
      value: 0
      objectReference: {fileID: 0}
    - target: {fileID: 400000, guid: fde91e5db487ede489c0a3423eca0783, type: 2}
      propertyPath: m_LocalRotation.x
      value: 0
      objectReference: {fileID: 0}
    - target: {fileID: 400000, guid: fde91e5db487ede489c0a3423eca0783, type: 2}
      propertyPath: m_LocalRotation.y
      value: 0
      objectReference: {fileID: 0}
    - target: {fileID: 400000, guid: fde91e5db487ede489c0a3423eca0783, type: 2}
      propertyPath: m_LocalRotation.z
      value: 0
      objectReference: {fileID: 0}
    - target: {fileID: 400000, guid: fde91e5db487ede489c0a3423eca0783, type: 2}
      propertyPath: m_LocalRotation.w
      value: 1
      objectReference: {fileID: 0}
    - target: {fileID: 400000, guid: fde91e5db487ede489c0a3423eca0783, type: 2}
      propertyPath: m_LocalScale.x
      value: 5
      objectReference: {fileID: 0}
    - target: {fileID: 400000, guid: fde91e5db487ede489c0a3423eca0783, type: 2}
      propertyPath: m_LocalScale.y
      value: 5
      objectReference: {fileID: 0}
    - target: {fileID: 11400000, guid: fde91e5db487ede489c0a3423eca0783, type: 2}
      propertyPath: nextLevelName
      value: Level10
      objectReference: {fileID: 0}
    - target: {fileID: 100000, guid: fde91e5db487ede489c0a3423eca0783, type: 2}
      propertyPath: m_Layer
      value: 13
      objectReference: {fileID: 0}
    - target: {fileID: 5800000, guid: fde91e5db487ede489c0a3423eca0783, type: 2}
      propertyPath: m_Radius
      value: 1.5
      objectReference: {fileID: 0}
    m_RemovedComponents: []
  m_ParentPrefab: {fileID: 100100000, guid: fde91e5db487ede489c0a3423eca0783, type: 2}
  m_RootGameObject: {fileID: 756853226}
  m_IsPrefabParent: 0
  m_IsExploded: 1
--- !u!1 &859170524
GameObject:
  m_ObjectHideFlags: 0
  m_PrefabParentObject: {fileID: 100000, guid: 8a62ace5f29fde24291c0bde013894f0, type: 2}
  m_PrefabInternal: {fileID: 810440378}
  serializedVersion: 4
  m_Component:
  - 4: {fileID: 859170529}
  - 212: {fileID: 859170528}
  - 50: {fileID: 859170527}
  - 58: {fileID: 859170526}
  - 114: {fileID: 859170525}
  - 96: {fileID: 859170530}
  m_Layer: 0
  m_Name: Enemy
  m_TagString: Untagged
  m_Icon: {fileID: 0}
  m_NavMeshLayer: 0
  m_StaticEditorFlags: 0
  m_IsActive: 1
--- !u!114 &859170525
MonoBehaviour:
  m_ObjectHideFlags: 0
  m_PrefabParentObject: {fileID: 11400002, guid: 8a62ace5f29fde24291c0bde013894f0,
    type: 2}
  m_PrefabInternal: {fileID: 810440378}
  m_GameObject: {fileID: 859170524}
  m_Enabled: 1
  m_EditorHideFlags: 0
  m_Script: {fileID: 11500000, guid: 519be33824e75e641ae1654b6f85b872, type: 3}
  m_Name: 
  m_EditorClassIdentifier: 
  player: {fileID: 1185558037}
--- !u!58 &859170526
CircleCollider2D:
  m_ObjectHideFlags: 0
  m_PrefabParentObject: {fileID: 5800000, guid: 8a62ace5f29fde24291c0bde013894f0,
    type: 2}
  m_PrefabInternal: {fileID: 810440378}
  m_GameObject: {fileID: 859170524}
  m_Enabled: 1
  m_Material: {fileID: 0}
  m_IsTrigger: 0
  m_Radius: 8
  m_Center: {x: 0, y: 3}
--- !u!50 &859170527
Rigidbody2D:
  m_ObjectHideFlags: 0
  m_PrefabParentObject: {fileID: 5000000, guid: 8a62ace5f29fde24291c0bde013894f0,
    type: 2}
  m_PrefabInternal: {fileID: 810440378}
  m_GameObject: {fileID: 859170524}
  m_Mass: 1
  m_LinearDrag: .0500000007
  m_AngularDrag: .0500000007
  m_GravityScale: 0
  m_FixedAngle: 0
  m_IsKinematic: 0
  m_Interpolate: 0
  m_SleepingMode: 1
  m_CollisionDetection: 0
--- !u!212 &859170528
SpriteRenderer:
  m_ObjectHideFlags: 0
  m_PrefabParentObject: {fileID: 21200000, guid: 8a62ace5f29fde24291c0bde013894f0,
    type: 2}
  m_PrefabInternal: {fileID: 810440378}
  m_GameObject: {fileID: 859170524}
  m_Enabled: 1
  m_CastShadows: 0
  m_ReceiveShadows: 0
  m_LightmapIndex: 255
  m_LightmapTilingOffset: {x: 1, y: 1, z: 0, w: 0}
  m_Materials:
  - {fileID: 10754, guid: 0000000000000000e000000000000000, type: 0}
  m_SubsetIndices: 
  m_StaticBatchRoot: {fileID: 0}
  m_UseLightProbes: 0
  m_LightProbeAnchor: {fileID: 0}
  m_ScaleInLightmap: 1
  m_SortingLayer: 0
  m_SortingOrder: 0
  m_SortingLayerID: 0
  m_Sprite: {fileID: 21300000, guid: 0181647e22519ce498099dc23839531d, type: 3}
  m_Color: {r: 1, g: 1, b: 1, a: 1}
--- !u!4 &859170529
Transform:
  m_ObjectHideFlags: 0
  m_PrefabParentObject: {fileID: 400000, guid: 8a62ace5f29fde24291c0bde013894f0, type: 2}
  m_PrefabInternal: {fileID: 810440378}
  m_GameObject: {fileID: 859170524}
  m_LocalRotation: {x: 0, y: 0, z: 0, w: 1}
  m_LocalPosition: {x: -42.9104462, y: 14.1876516, z: 0}
  m_LocalScale: {x: .200000003, y: .200000003, z: 1}
  m_Children: []
  m_Father: {fileID: 0}
--- !u!96 &859170530
TrailRenderer:
  m_ObjectHideFlags: 0
  m_PrefabParentObject: {fileID: 9600000, guid: 8a62ace5f29fde24291c0bde013894f0,
    type: 2}
  m_PrefabInternal: {fileID: 810440378}
  m_GameObject: {fileID: 859170524}
  m_Enabled: 1
  m_CastShadows: 1
  m_ReceiveShadows: 1
  m_LightmapIndex: 255
  m_LightmapTilingOffset: {x: 1, y: 1, z: 0, w: 0}
  m_Materials:
  - {fileID: 2100000, guid: e667992b28845df99060a8f876d1d11b, type: 2}
  m_SubsetIndices: 
  m_StaticBatchRoot: {fileID: 0}
  m_UseLightProbes: 0
  m_LightProbeAnchor: {fileID: 0}
  m_ScaleInLightmap: 1
  m_SortingLayer: 0
  m_SortingOrder: 0
  m_SortingLayerID: 0
  m_Time: 1
  m_StartWidth: 1
  m_EndWidth: 1
  m_Colors:
    m_Color[0]:
      serializedVersion: 2
      rgba: 4278255400
    m_Color[1]:
      serializedVersion: 2
      rgba: 4278255144
    m_Color[2]:
      serializedVersion: 2
      rgba: 4278254888
    m_Color[3]:
      serializedVersion: 2
      rgba: 4278254632
    m_Color[4]:
      serializedVersion: 2
      rgba: 64296
  m_MinVertexDistance: .100000001
  m_Autodestruct: 0
--- !u!1001 &877323888
Prefab:
  m_ObjectHideFlags: 0
  serializedVersion: 2
  m_Modification:
    m_TransformParent: {fileID: 0}
    m_Modifications:
    - target: {fileID: 400002, guid: b6c6e5e97d961bf49aa94e7d348ffa0f, type: 2}
      propertyPath: m_LocalPosition.x
      value: 42.147541
      objectReference: {fileID: 0}
    - target: {fileID: 400002, guid: b6c6e5e97d961bf49aa94e7d348ffa0f, type: 2}
      propertyPath: m_LocalPosition.y
      value: .649188042
      objectReference: {fileID: 0}
    - target: {fileID: 400002, guid: b6c6e5e97d961bf49aa94e7d348ffa0f, type: 2}
      propertyPath: m_LocalPosition.z
      value: 0
      objectReference: {fileID: 0}
    - target: {fileID: 400002, guid: b6c6e5e97d961bf49aa94e7d348ffa0f, type: 2}
      propertyPath: m_LocalRotation.x
      value: 0
      objectReference: {fileID: 0}
    - target: {fileID: 400002, guid: b6c6e5e97d961bf49aa94e7d348ffa0f, type: 2}
      propertyPath: m_LocalRotation.y
      value: 0
      objectReference: {fileID: 0}
    - target: {fileID: 400002, guid: b6c6e5e97d961bf49aa94e7d348ffa0f, type: 2}
      propertyPath: m_LocalRotation.z
      value: .432882369
      objectReference: {fileID: 0}
    - target: {fileID: 400002, guid: b6c6e5e97d961bf49aa94e7d348ffa0f, type: 2}
      propertyPath: m_LocalRotation.w
      value: .901450455
      objectReference: {fileID: 0}
    - target: {fileID: 11400000, guid: b6c6e5e97d961bf49aa94e7d348ffa0f, type: 2}
      propertyPath: targetObj
      value: 
      objectReference: {fileID: 1185558037}
    - target: {fileID: 11400000, guid: b6c6e5e97d961bf49aa94e7d348ffa0f, type: 2}
      propertyPath: range
      value: 5
      objectReference: {fileID: 0}
    - target: {fileID: 11400000, guid: b6c6e5e97d961bf49aa94e7d348ffa0f, type: 2}
      propertyPath: power
      value: 500
      objectReference: {fileID: 0}
    m_RemovedComponents: []
  m_ParentPrefab: {fileID: 100100000, guid: b6c6e5e97d961bf49aa94e7d348ffa0f, type: 2}
  m_RootGameObject: {fileID: 1331618247}
  m_IsPrefabParent: 0
  m_IsExploded: 1
--- !u!1 &885148504
GameObject:
  m_ObjectHideFlags: 0
  m_PrefabParentObject: {fileID: 0}
  m_PrefabInternal: {fileID: 0}
  serializedVersion: 4
  m_Component:
  - 4: {fileID: 885148507}
  - 23: {fileID: 885148506}
  - 102: {fileID: 885148505}
  m_Layer: 0
  m_Name: New Text
  m_TagString: Untagged
  m_Icon: {fileID: 0}
  m_NavMeshLayer: 0
  m_StaticEditorFlags: 0
  m_IsActive: 1
--- !u!102 &885148505
TextMesh:
  serializedVersion: 3
  m_ObjectHideFlags: 0
  m_PrefabParentObject: {fileID: 0}
  m_PrefabInternal: {fileID: 0}
  m_GameObject: {fileID: 885148504}
  m_Text: '-'
  m_OffsetZ: 0
  m_CharacterSize: 1
  m_LineSpacing: 1
  m_Anchor: 0
  m_Alignment: 0
  m_TabSize: 4
  m_FontSize: 24
  m_FontStyle: 0
  m_RichText: 1
  m_Font: {fileID: 10102, guid: 0000000000000000e000000000000000, type: 0}
  m_Color:
    serializedVersion: 2
    rgba: 4294967295
--- !u!23 &885148506
Renderer:
  m_ObjectHideFlags: 0
  m_PrefabParentObject: {fileID: 0}
  m_PrefabInternal: {fileID: 0}
  m_GameObject: {fileID: 885148504}
  m_Enabled: 1
  m_CastShadows: 1
  m_ReceiveShadows: 1
  m_LightmapIndex: 255
  m_LightmapTilingOffset: {x: 1, y: 1, z: 0, w: 0}
  m_Materials:
  - {fileID: 10100, guid: 0000000000000000e000000000000000, type: 0}
  m_SubsetIndices: 
  m_StaticBatchRoot: {fileID: 0}
  m_UseLightProbes: 0
  m_LightProbeAnchor: {fileID: 0}
  m_ScaleInLightmap: 1
  m_SortingLayer: 0
  m_SortingOrder: 0
  m_SortingLayerID: 0
--- !u!4 &885148507
Transform:
  m_ObjectHideFlags: 0
  m_PrefabParentObject: {fileID: 0}
  m_PrefabInternal: {fileID: 0}
  m_GameObject: {fileID: 885148504}
  m_LocalRotation: {x: 0, y: 0, z: 0, w: 1}
  m_LocalPosition: {x: -8.02480221, y: 13.7762671, z: 0}
  m_LocalScale: {x: 1, y: 1, z: 1}
  m_Children: []
  m_Father: {fileID: 0}
--- !u!1 &980015654
GameObject:
  m_ObjectHideFlags: 0
  m_PrefabParentObject: {fileID: 0}
  m_PrefabInternal: {fileID: 0}
  serializedVersion: 4
  m_Component:
  - 4: {fileID: 980015657}
  - 23: {fileID: 980015656}
  - 102: {fileID: 980015655}
  m_Layer: 0
  m_Name: New Text
  m_TagString: Untagged
  m_Icon: {fileID: 0}
  m_NavMeshLayer: 0
  m_StaticEditorFlags: 0
  m_IsActive: 1
--- !u!102 &980015655
TextMesh:
  serializedVersion: 3
  m_ObjectHideFlags: 0
  m_PrefabParentObject: {fileID: 0}
  m_PrefabInternal: {fileID: 0}
  m_GameObject: {fileID: 980015654}
  m_Text: '-'
  m_OffsetZ: 0
  m_CharacterSize: 1
  m_LineSpacing: 1
  m_Anchor: 0
  m_Alignment: 0
  m_TabSize: 4
  m_FontSize: 24
  m_FontStyle: 0
  m_RichText: 1
  m_Font: {fileID: 10102, guid: 0000000000000000e000000000000000, type: 0}
  m_Color:
    serializedVersion: 2
    rgba: 4294967295
--- !u!23 &980015656
Renderer:
  m_ObjectHideFlags: 0
  m_PrefabParentObject: {fileID: 0}
  m_PrefabInternal: {fileID: 0}
  m_GameObject: {fileID: 980015654}
  m_Enabled: 1
  m_CastShadows: 1
  m_ReceiveShadows: 1
  m_LightmapIndex: 255
  m_LightmapTilingOffset: {x: 1, y: 1, z: 0, w: 0}
  m_Materials:
  - {fileID: 10100, guid: 0000000000000000e000000000000000, type: 0}
  m_SubsetIndices: 
  m_StaticBatchRoot: {fileID: 0}
  m_UseLightProbes: 0
  m_LightProbeAnchor: {fileID: 0}
  m_ScaleInLightmap: 1
  m_SortingLayer: 0
  m_SortingOrder: 0
  m_SortingLayerID: 0
--- !u!4 &980015657
Transform:
  m_ObjectHideFlags: 0
  m_PrefabParentObject: {fileID: 0}
  m_PrefabInternal: {fileID: 0}
  m_GameObject: {fileID: 980015654}
  m_LocalRotation: {x: 0, y: 0, z: 0, w: 1}
  m_LocalPosition: {x: -23.4267693, y: 10.6477976, z: 0}
  m_LocalScale: {x: 1, y: 1, z: 1}
  m_Children: []
  m_Father: {fileID: 0}
--- !u!1 &1027066296
GameObject:
  m_ObjectHideFlags: 0
  m_PrefabParentObject: {fileID: 0}
  m_PrefabInternal: {fileID: 0}
  serializedVersion: 4
  m_Component:
  - 4: {fileID: 1027066299}
  - 23: {fileID: 1027066298}
  - 102: {fileID: 1027066297}
  m_Layer: 0
  m_Name: New Text
  m_TagString: Untagged
  m_Icon: {fileID: 0}
  m_NavMeshLayer: 0
  m_StaticEditorFlags: 0
  m_IsActive: 1
--- !u!102 &1027066297
TextMesh:
  serializedVersion: 3
  m_ObjectHideFlags: 0
  m_PrefabParentObject: {fileID: 0}
  m_PrefabInternal: {fileID: 0}
  m_GameObject: {fileID: 1027066296}
  m_Text: '-'
  m_OffsetZ: 0
  m_CharacterSize: 1
  m_LineSpacing: 1
  m_Anchor: 0
  m_Alignment: 0
  m_TabSize: 4
  m_FontSize: 24
  m_FontStyle: 0
  m_RichText: 1
  m_Font: {fileID: 10102, guid: 0000000000000000e000000000000000, type: 0}
  m_Color:
    serializedVersion: 2
    rgba: 4294967295
--- !u!23 &1027066298
Renderer:
  m_ObjectHideFlags: 0
  m_PrefabParentObject: {fileID: 0}
  m_PrefabInternal: {fileID: 0}
  m_GameObject: {fileID: 1027066296}
  m_Enabled: 1
  m_CastShadows: 1
  m_ReceiveShadows: 1
  m_LightmapIndex: 255
  m_LightmapTilingOffset: {x: 1, y: 1, z: 0, w: 0}
  m_Materials:
  - {fileID: 10100, guid: 0000000000000000e000000000000000, type: 0}
  m_SubsetIndices: 
  m_StaticBatchRoot: {fileID: 0}
  m_UseLightProbes: 0
  m_LightProbeAnchor: {fileID: 0}
  m_ScaleInLightmap: 1
  m_SortingLayer: 0
  m_SortingOrder: 0
  m_SortingLayerID: 0
--- !u!4 &1027066299
Transform:
  m_ObjectHideFlags: 0
  m_PrefabParentObject: {fileID: 0}
  m_PrefabInternal: {fileID: 0}
  m_GameObject: {fileID: 1027066296}
  m_LocalRotation: {x: 0, y: 0, z: 0, w: 1}
  m_LocalPosition: {x: -15.1548805, y: 12.22087, z: 0}
  m_LocalScale: {x: 1, y: 1, z: 1}
  m_Children: []
  m_Father: {fileID: 0}
--- !u!1001 &1034282770
Prefab:
  m_ObjectHideFlags: 0
  serializedVersion: 2
  m_Modification:
    m_TransformParent: {fileID: 1573978141}
    m_Modifications:
    - target: {fileID: 400002, guid: 4b46d394becc9c64e8d27fdb1d29f85f, type: 2}
      propertyPath: m_LocalPosition.x
      value: -2.84426641
      objectReference: {fileID: 0}
    - target: {fileID: 400002, guid: 4b46d394becc9c64e8d27fdb1d29f85f, type: 2}
      propertyPath: m_LocalPosition.y
      value: -.111993596
      objectReference: {fileID: 0}
    - target: {fileID: 400002, guid: 4b46d394becc9c64e8d27fdb1d29f85f, type: 2}
      propertyPath: m_LocalPosition.z
      value: 0
      objectReference: {fileID: 0}
    - target: {fileID: 400002, guid: 4b46d394becc9c64e8d27fdb1d29f85f, type: 2}
      propertyPath: m_LocalRotation.x
      value: 0
      objectReference: {fileID: 0}
    - target: {fileID: 400002, guid: 4b46d394becc9c64e8d27fdb1d29f85f, type: 2}
      propertyPath: m_LocalRotation.y
      value: 0
      objectReference: {fileID: 0}
    - target: {fileID: 400002, guid: 4b46d394becc9c64e8d27fdb1d29f85f, type: 2}
      propertyPath: m_LocalRotation.z
      value: 0
      objectReference: {fileID: 0}
    - target: {fileID: 400002, guid: 4b46d394becc9c64e8d27fdb1d29f85f, type: 2}
      propertyPath: m_LocalRotation.w
      value: 1
      objectReference: {fileID: 0}
    - target: {fileID: 400002, guid: 4b46d394becc9c64e8d27fdb1d29f85f, type: 2}
      propertyPath: m_LocalScale.x
      value: 1
      objectReference: {fileID: 0}
    - target: {fileID: 400002, guid: 4b46d394becc9c64e8d27fdb1d29f85f, type: 2}
      propertyPath: m_LocalScale.y
      value: 1
      objectReference: {fileID: 0}
    - target: {fileID: 400002, guid: 4b46d394becc9c64e8d27fdb1d29f85f, type: 2}
      propertyPath: m_LocalScale.z
      value: 1
      objectReference: {fileID: 0}
    - target: {fileID: 11400000, guid: 4b46d394becc9c64e8d27fdb1d29f85f, type: 2}
      propertyPath: targetObj
      value: 
      objectReference: {fileID: 1185558037}
    - target: {fileID: 11400000, guid: 4b46d394becc9c64e8d27fdb1d29f85f, type: 2}
      propertyPath: range
      value: 15
      objectReference: {fileID: 0}
    - target: {fileID: 11400000, guid: 4b46d394becc9c64e8d27fdb1d29f85f, type: 2}
      propertyPath: power
      value: 70
      objectReference: {fileID: 0}
    - target: {fileID: 21200002, guid: 4b46d394becc9c64e8d27fdb1d29f85f, type: 2}
      propertyPath: m_SortingOrder
      value: 1
      objectReference: {fileID: 0}
    m_RemovedComponents: []
  m_ParentPrefab: {fileID: 100100000, guid: 4b46d394becc9c64e8d27fdb1d29f85f, type: 2}
  m_RootGameObject: {fileID: 1978060096}
  m_IsPrefabParent: 0
  m_IsExploded: 1
--- !u!1001 &1053497559
Prefab:
  m_ObjectHideFlags: 0
  serializedVersion: 2
  m_Modification:
    m_TransformParent: {fileID: 0}
    m_Modifications:
    - target: {fileID: 400000, guid: 3ffd850f94f2b2141a5d45e73c501412, type: 2}
      propertyPath: m_LocalPosition.x
      value: -3.98005295
      objectReference: {fileID: 0}
    - target: {fileID: 400000, guid: 3ffd850f94f2b2141a5d45e73c501412, type: 2}
      propertyPath: m_LocalPosition.y
      value: -5.78917503
      objectReference: {fileID: 0}
    - target: {fileID: 400000, guid: 3ffd850f94f2b2141a5d45e73c501412, type: 2}
      propertyPath: m_LocalPosition.z
      value: 20
      objectReference: {fileID: 0}
    - target: {fileID: 400000, guid: 3ffd850f94f2b2141a5d45e73c501412, type: 2}
      propertyPath: m_LocalRotation.x
      value: 0
      objectReference: {fileID: 0}
    - target: {fileID: 400000, guid: 3ffd850f94f2b2141a5d45e73c501412, type: 2}
      propertyPath: m_LocalRotation.y
      value: 0
      objectReference: {fileID: 0}
    - target: {fileID: 400000, guid: 3ffd850f94f2b2141a5d45e73c501412, type: 2}
      propertyPath: m_LocalRotation.z
      value: 0
      objectReference: {fileID: 0}
    - target: {fileID: 400000, guid: 3ffd850f94f2b2141a5d45e73c501412, type: 2}
      propertyPath: m_LocalRotation.w
      value: 1
      objectReference: {fileID: 0}
    - target: {fileID: 400000, guid: 3ffd850f94f2b2141a5d45e73c501412, type: 2}
      propertyPath: m_LocalScale.x
      value: 6.01864958
      objectReference: {fileID: 0}
    - target: {fileID: 400000, guid: 3ffd850f94f2b2141a5d45e73c501412, type: 2}
      propertyPath: m_LocalScale.y
      value: 6.01862669
      objectReference: {fileID: 0}
    - target: {fileID: 100000, guid: 3ffd850f94f2b2141a5d45e73c501412, type: 2}
      propertyPath: m_Layer
      value: 13
      objectReference: {fileID: 0}
    - target: {fileID: 21200000, guid: 3ffd850f94f2b2141a5d45e73c501412, type: 2}
      propertyPath: m_Sprite
      value: 
      objectReference: {fileID: 21300000, guid: 6a950d5fed4019e4e86b713fed850c97,
        type: 3}
    m_RemovedComponents: []
  m_ParentPrefab: {fileID: 100100000, guid: 3ffd850f94f2b2141a5d45e73c501412, type: 2}
  m_RootGameObject: {fileID: 328036934}
  m_IsPrefabParent: 0
  m_IsExploded: 1
--- !u!1001 &1104458697
Prefab:
  m_ObjectHideFlags: 0
  serializedVersion: 2
  m_Modification:
    m_TransformParent: {fileID: 0}
    m_Modifications:
    - target: {fileID: 400002, guid: e112ed2bfe62b864db2ef196cab6d590, type: 2}
      propertyPath: m_LocalPosition.x
      value: 19.2486572
      objectReference: {fileID: 0}
    - target: {fileID: 400002, guid: e112ed2bfe62b864db2ef196cab6d590, type: 2}
      propertyPath: m_LocalPosition.y
      value: -1.77561331
      objectReference: {fileID: 0}
    - target: {fileID: 400002, guid: e112ed2bfe62b864db2ef196cab6d590, type: 2}
      propertyPath: m_LocalPosition.z
      value: -20
      objectReference: {fileID: 0}
    - target: {fileID: 400002, guid: e112ed2bfe62b864db2ef196cab6d590, type: 2}
      propertyPath: m_LocalRotation.x
      value: 0
      objectReference: {fileID: 0}
    - target: {fileID: 400002, guid: e112ed2bfe62b864db2ef196cab6d590, type: 2}
      propertyPath: m_LocalRotation.y
      value: 0
      objectReference: {fileID: 0}
    - target: {fileID: 400002, guid: e112ed2bfe62b864db2ef196cab6d590, type: 2}
      propertyPath: m_LocalRotation.z
      value: 0
      objectReference: {fileID: 0}
    - target: {fileID: 400002, guid: e112ed2bfe62b864db2ef196cab6d590, type: 2}
      propertyPath: m_LocalRotation.w
      value: 1
      objectReference: {fileID: 0}
    - target: {fileID: 11400000, guid: e112ed2bfe62b864db2ef196cab6d590, type: 2}
      propertyPath: followTarget
      value: 
      objectReference: {fileID: 1185558037}
    - target: {fileID: 2000002, guid: e112ed2bfe62b864db2ef196cab6d590, type: 2}
      propertyPath: m_BackGroundColor.r
      value: .290196091
      objectReference: {fileID: 0}
    - target: {fileID: 2000002, guid: e112ed2bfe62b864db2ef196cab6d590, type: 2}
      propertyPath: m_BackGroundColor.g
      value: .0705882385
      objectReference: {fileID: 0}
    - target: {fileID: 2000002, guid: e112ed2bfe62b864db2ef196cab6d590, type: 2}
      propertyPath: m_BackGroundColor.b
      value: .188235298
      objectReference: {fileID: 0}
    m_RemovedComponents: []
  m_ParentPrefab: {fileID: 100100000, guid: e112ed2bfe62b864db2ef196cab6d590, type: 2}
  m_RootGameObject: {fileID: 2138271161}
  m_IsPrefabParent: 0
  m_IsExploded: 1
--- !u!1 &1184935879
GameObject:
  m_ObjectHideFlags: 0
  m_PrefabParentObject: {fileID: 100000, guid: 8a62ace5f29fde24291c0bde013894f0, type: 2}
  m_PrefabInternal: {fileID: 1896650177}
  serializedVersion: 4
  m_Component:
  - 4: {fileID: 1184935884}
  - 212: {fileID: 1184935883}
  - 50: {fileID: 1184935882}
  - 58: {fileID: 1184935881}
  - 114: {fileID: 1184935880}
  - 96: {fileID: 1184935885}
  m_Layer: 0
  m_Name: Enemy
  m_TagString: Untagged
  m_Icon: {fileID: 0}
  m_NavMeshLayer: 0
  m_StaticEditorFlags: 0
  m_IsActive: 1
--- !u!114 &1184935880
MonoBehaviour:
  m_ObjectHideFlags: 0
  m_PrefabParentObject: {fileID: 11400002, guid: 8a62ace5f29fde24291c0bde013894f0,
    type: 2}
  m_PrefabInternal: {fileID: 1896650177}
  m_GameObject: {fileID: 1184935879}
  m_Enabled: 1
  m_EditorHideFlags: 0
  m_Script: {fileID: 11500000, guid: 519be33824e75e641ae1654b6f85b872, type: 3}
  m_Name: 
  m_EditorClassIdentifier: 
  player: {fileID: 1185558037}
--- !u!58 &1184935881
CircleCollider2D:
  m_ObjectHideFlags: 0
  m_PrefabParentObject: {fileID: 5800000, guid: 8a62ace5f29fde24291c0bde013894f0,
    type: 2}
  m_PrefabInternal: {fileID: 1896650177}
  m_GameObject: {fileID: 1184935879}
  m_Enabled: 1
  m_Material: {fileID: 0}
  m_IsTrigger: 0
  m_Radius: 8
  m_Center: {x: 0, y: 3}
--- !u!50 &1184935882
Rigidbody2D:
  m_ObjectHideFlags: 0
  m_PrefabParentObject: {fileID: 5000000, guid: 8a62ace5f29fde24291c0bde013894f0,
    type: 2}
  m_PrefabInternal: {fileID: 1896650177}
  m_GameObject: {fileID: 1184935879}
  m_Mass: 1
  m_LinearDrag: .0500000007
  m_AngularDrag: .0500000007
  m_GravityScale: 0
  m_FixedAngle: 0
  m_IsKinematic: 0
  m_Interpolate: 0
  m_SleepingMode: 1
  m_CollisionDetection: 0
--- !u!212 &1184935883
SpriteRenderer:
  m_ObjectHideFlags: 0
  m_PrefabParentObject: {fileID: 21200000, guid: 8a62ace5f29fde24291c0bde013894f0,
    type: 2}
  m_PrefabInternal: {fileID: 1896650177}
  m_GameObject: {fileID: 1184935879}
  m_Enabled: 1
  m_CastShadows: 0
  m_ReceiveShadows: 0
  m_LightmapIndex: 255
  m_LightmapTilingOffset: {x: 1, y: 1, z: 0, w: 0}
  m_Materials:
  - {fileID: 10754, guid: 0000000000000000e000000000000000, type: 0}
  m_SubsetIndices: 
  m_StaticBatchRoot: {fileID: 0}
  m_UseLightProbes: 0
  m_LightProbeAnchor: {fileID: 0}
  m_ScaleInLightmap: 1
  m_SortingLayer: 0
  m_SortingOrder: 0
  m_SortingLayerID: 0
  m_Sprite: {fileID: 21300000, guid: 0181647e22519ce498099dc23839531d, type: 3}
  m_Color: {r: 1, g: 1, b: 1, a: 1}
--- !u!4 &1184935884
Transform:
  m_ObjectHideFlags: 0
  m_PrefabParentObject: {fileID: 400000, guid: 8a62ace5f29fde24291c0bde013894f0, type: 2}
  m_PrefabInternal: {fileID: 1896650177}
  m_GameObject: {fileID: 1184935879}
  m_LocalRotation: {x: 0, y: 0, z: 0, w: 1}
  m_LocalPosition: {x: -35.6186028, y: -9.37374496, z: 0}
  m_LocalScale: {x: .200000003, y: .200000003, z: 1}
  m_Children: []
  m_Father: {fileID: 0}
--- !u!96 &1184935885
TrailRenderer:
  m_ObjectHideFlags: 0
  m_PrefabParentObject: {fileID: 9600000, guid: 8a62ace5f29fde24291c0bde013894f0,
    type: 2}
  m_PrefabInternal: {fileID: 1896650177}
  m_GameObject: {fileID: 1184935879}
  m_Enabled: 1
  m_CastShadows: 1
  m_ReceiveShadows: 1
  m_LightmapIndex: 255
  m_LightmapTilingOffset: {x: 1, y: 1, z: 0, w: 0}
  m_Materials:
  - {fileID: 2100000, guid: e667992b28845df99060a8f876d1d11b, type: 2}
  m_SubsetIndices: 
  m_StaticBatchRoot: {fileID: 0}
  m_UseLightProbes: 0
  m_LightProbeAnchor: {fileID: 0}
  m_ScaleInLightmap: 1
  m_SortingLayer: 0
  m_SortingOrder: 0
  m_SortingLayerID: 0
  m_Time: 1
  m_StartWidth: 1
  m_EndWidth: 1
  m_Colors:
    m_Color[0]:
      serializedVersion: 2
      rgba: 4278255400
    m_Color[1]:
      serializedVersion: 2
      rgba: 4278255144
    m_Color[2]:
      serializedVersion: 2
      rgba: 4278254888
    m_Color[3]:
      serializedVersion: 2
      rgba: 4278254632
    m_Color[4]:
      serializedVersion: 2
      rgba: 64296
  m_MinVertexDistance: .100000001
  m_Autodestruct: 0
--- !u!1 &1185558037
GameObject:
  m_ObjectHideFlags: 0
  m_PrefabParentObject: {fileID: 100000, guid: cd99be2c2880ad74683866a88fb6c11f, type: 2}
  m_PrefabInternal: {fileID: 2106739969}
  serializedVersion: 4
  m_Component:
  - 4: {fileID: 1185558042}
  - 212: {fileID: 1185558041}
  - 58: {fileID: 1185558040}
  - 50: {fileID: 1185558039}
  - 114: {fileID: 1185558038}
  - 96: {fileID: 1185558043}
  - 82: {fileID: 1185558044}
  m_Layer: 0
  m_Name: Player
  m_TagString: Player
  m_Icon: {fileID: 0}
  m_NavMeshLayer: 0
  m_StaticEditorFlags: 0
  m_IsActive: 1
--- !u!114 &1185558038
MonoBehaviour:
  m_ObjectHideFlags: 0
  m_PrefabParentObject: {fileID: 11400000, guid: cd99be2c2880ad74683866a88fb6c11f,
    type: 2}
  m_PrefabInternal: {fileID: 2106739969}
  m_GameObject: {fileID: 1185558037}
  m_Enabled: 1
  m_EditorHideFlags: 0
  m_Script: {fileID: 11500000, guid: 9a1ca7ca96f2e5345b768d8e03c8586e, type: 3}
  m_Name: 
  m_EditorClassIdentifier: 
  levelComplete: 0
--- !u!50 &1185558039
Rigidbody2D:
  m_ObjectHideFlags: 0
  m_PrefabParentObject: {fileID: 5000000, guid: cd99be2c2880ad74683866a88fb6c11f,
    type: 2}
  m_PrefabInternal: {fileID: 2106739969}
  m_GameObject: {fileID: 1185558037}
  m_Mass: 1
  m_LinearDrag: .100000001
  m_AngularDrag: .0500000007
  m_GravityScale: 0
  m_FixedAngle: 0
  m_IsKinematic: 0
  m_Interpolate: 1
  m_SleepingMode: 1
  m_CollisionDetection: 0
--- !u!58 &1185558040
CircleCollider2D:
  m_ObjectHideFlags: 0
  m_PrefabParentObject: {fileID: 5800000, guid: cd99be2c2880ad74683866a88fb6c11f,
    type: 2}
  m_PrefabInternal: {fileID: 2106739969}
  m_GameObject: {fileID: 1185558037}
  m_Enabled: 1
  m_Material: {fileID: 0}
  m_IsTrigger: 0
  m_Radius: 1
  m_Center: {x: -.100000001, y: 0}
--- !u!212 &1185558041
SpriteRenderer:
  m_ObjectHideFlags: 0
  m_PrefabParentObject: {fileID: 21200000, guid: cd99be2c2880ad74683866a88fb6c11f,
    type: 2}
  m_PrefabInternal: {fileID: 2106739969}
  m_GameObject: {fileID: 1185558037}
  m_Enabled: 1
  m_CastShadows: 0
  m_ReceiveShadows: 0
  m_LightmapIndex: 255
  m_LightmapTilingOffset: {x: 1, y: 1, z: 0, w: 0}
  m_Materials:
  - {fileID: 10754, guid: 0000000000000000e000000000000000, type: 0}
  m_SubsetIndices: 
  m_StaticBatchRoot: {fileID: 0}
  m_UseLightProbes: 0
  m_LightProbeAnchor: {fileID: 0}
  m_ScaleInLightmap: 1
  m_SortingLayer: 0
  m_SortingOrder: 0
  m_SortingLayerID: 0
  m_Sprite: {fileID: 21300000, guid: 3ebdbd7293f60d645ac0d1a6145c60e6, type: 3}
  m_Color: {r: 1, g: 1, b: 1, a: 1}
--- !u!4 &1185558042
Transform:
  m_ObjectHideFlags: 0
  m_PrefabParentObject: {fileID: 400000, guid: cd99be2c2880ad74683866a88fb6c11f, type: 2}
  m_PrefabInternal: {fileID: 2106739969}
  m_GameObject: {fileID: 1185558037}
  m_LocalRotation: {x: 0, y: 0, z: 0, w: 1}
  m_LocalPosition: {x: 22.1095886, y: .383481264, z: 0}
  m_LocalScale: {x: 1, y: 1, z: 1}
  m_Children: []
  m_Father: {fileID: 0}
--- !u!96 &1185558043
TrailRenderer:
  m_ObjectHideFlags: 0
  m_PrefabParentObject: {fileID: 9600000, guid: cd99be2c2880ad74683866a88fb6c11f,
    type: 2}
  m_PrefabInternal: {fileID: 2106739969}
  m_GameObject: {fileID: 1185558037}
  m_Enabled: 1
  m_CastShadows: 1
  m_ReceiveShadows: 1
  m_LightmapIndex: 255
  m_LightmapTilingOffset: {x: 1, y: 1, z: 0, w: 0}
  m_Materials:
  - {fileID: 2100000, guid: 999db0fbe1d84f749942ab46005b00a4, type: 2}
  m_SubsetIndices: 
  m_StaticBatchRoot: {fileID: 0}
  m_UseLightProbes: 0
  m_LightProbeAnchor: {fileID: 0}
  m_ScaleInLightmap: 1
  m_SortingLayer: 0
  m_SortingOrder: 0
  m_SortingLayerID: 0
  m_Time: 5
  m_StartWidth: 1
  m_EndWidth: 1
  m_Colors:
    m_Color[0]:
      serializedVersion: 2
      rgba: 4291951360
    m_Color[1]:
      serializedVersion: 2
      rgba: 4292017152
    m_Color[2]:
      serializedVersion: 2
      rgba: 4292803840
    m_Color[3]:
      serializedVersion: 2
      rgba: 4285267456
    m_Color[4]:
      serializedVersion: 2
      rgba: 196352
  m_MinVertexDistance: .100000001
  m_Autodestruct: 0
--- !u!82 &1185558044
AudioSource:
  m_ObjectHideFlags: 0
  m_PrefabParentObject: {fileID: 8200000, guid: cd99be2c2880ad74683866a88fb6c11f,
    type: 2}
  m_PrefabInternal: {fileID: 2106739969}
  m_GameObject: {fileID: 1185558037}
  m_Enabled: 1
  serializedVersion: 3
  m_audioClip: {fileID: 8300000, guid: 7d5b1e941e99d6643bcd4ee0d9ae4d5d, type: 3}
  m_PlayOnAwake: 1
  m_Volume: 1
  m_Pitch: 1
  Loop: 0
  Mute: 0
  Priority: 128
  DopplerLevel: 1
  MinDistance: 1
  MaxDistance: 500
  Pan2D: 0
  rolloffMode: 0
  BypassEffects: 0
  BypassListenerEffects: 0
  BypassReverbZones: 0
  rolloffCustomCurve:
    serializedVersion: 2
    m_Curve:
    - time: 0
      value: 1
      inSlope: 0
      outSlope: 0
      tangentMode: 0
    - time: 1
      value: 0
      inSlope: 0
      outSlope: 0
      tangentMode: 0
    m_PreInfinity: 2
    m_PostInfinity: 2
  panLevelCustomCurve:
    serializedVersion: 2
    m_Curve:
    - time: 0
      value: 1
      inSlope: 0
      outSlope: 0
      tangentMode: 0
    m_PreInfinity: 2
    m_PostInfinity: 2
  spreadCustomCurve:
    serializedVersion: 2
    m_Curve:
    - time: 0
      value: 0
      inSlope: 0
      outSlope: 0
      tangentMode: 0
    m_PreInfinity: 2
    m_PostInfinity: 2
--- !u!1 &1252455167
GameObject:
  m_ObjectHideFlags: 0
  m_PrefabParentObject: {fileID: 0}
  m_PrefabInternal: {fileID: 0}
  serializedVersion: 4
  m_Component:
  - 4: {fileID: 1252455170}
  - 23: {fileID: 1252455169}
  - 102: {fileID: 1252455168}
  m_Layer: 0
  m_Name: New Text
  m_TagString: Untagged
  m_Icon: {fileID: 0}
  m_NavMeshLayer: 0
  m_StaticEditorFlags: 0
  m_IsActive: 1
--- !u!102 &1252455168
TextMesh:
  serializedVersion: 3
  m_ObjectHideFlags: 0
  m_PrefabParentObject: {fileID: 0}
  m_PrefabInternal: {fileID: 0}
  m_GameObject: {fileID: 1252455167}
  m_Text: '-'
  m_OffsetZ: 0
  m_CharacterSize: 1
  m_LineSpacing: 1
  m_Anchor: 0
  m_Alignment: 0
  m_TabSize: 4
  m_FontSize: 24
  m_FontStyle: 0
  m_RichText: 1
  m_Font: {fileID: 10102, guid: 0000000000000000e000000000000000, type: 0}
  m_Color:
    serializedVersion: 2
    rgba: 4294967295
--- !u!23 &1252455169
Renderer:
  m_ObjectHideFlags: 0
  m_PrefabParentObject: {fileID: 0}
  m_PrefabInternal: {fileID: 0}
  m_GameObject: {fileID: 1252455167}
  m_Enabled: 1
  m_CastShadows: 1
  m_ReceiveShadows: 1
  m_LightmapIndex: 255
  m_LightmapTilingOffset: {x: 1, y: 1, z: 0, w: 0}
  m_Materials:
  - {fileID: 10100, guid: 0000000000000000e000000000000000, type: 0}
  m_SubsetIndices: 
  m_StaticBatchRoot: {fileID: 0}
  m_UseLightProbes: 0
  m_LightProbeAnchor: {fileID: 0}
  m_ScaleInLightmap: 1
  m_SortingLayer: 0
  m_SortingOrder: 0
  m_SortingLayerID: 0
--- !u!4 &1252455170
Transform:
  m_ObjectHideFlags: 0
  m_PrefabParentObject: {fileID: 0}
  m_PrefabInternal: {fileID: 0}
  m_GameObject: {fileID: 1252455167}
  m_LocalRotation: {x: 0, y: 0, z: 0, w: 1}
  m_LocalPosition: {x: 20.5132065, y: 19.5665894, z: 0}
  m_LocalScale: {x: 1, y: 1, z: 1}
  m_Children: []
  m_Father: {fileID: 0}
--- !u!1 &1257659375
GameObject:
  m_ObjectHideFlags: 0
  m_PrefabParentObject: {fileID: 0}
  m_PrefabInternal: {fileID: 0}
  serializedVersion: 4
  m_Component:
  - 4: {fileID: 1257659378}
  - 23: {fileID: 1257659377}
  - 102: {fileID: 1257659376}
  m_Layer: 0
  m_Name: New Text
  m_TagString: Untagged
  m_Icon: {fileID: 0}
  m_NavMeshLayer: 0
  m_StaticEditorFlags: 0
  m_IsActive: 1
--- !u!102 &1257659376
TextMesh:
  serializedVersion: 3
  m_ObjectHideFlags: 0
  m_PrefabParentObject: {fileID: 0}
  m_PrefabInternal: {fileID: 0}
  m_GameObject: {fileID: 1257659375}
  m_Text: LAUNCH!
  m_OffsetZ: 0
  m_CharacterSize: 1
  m_LineSpacing: 1
  m_Anchor: 0
  m_Alignment: 0
  m_TabSize: 4
  m_FontSize: 24
  m_FontStyle: 0
  m_RichText: 1
  m_Font: {fileID: 10102, guid: 0000000000000000e000000000000000, type: 0}
  m_Color:
    serializedVersion: 2
    rgba: 4294967295
--- !u!23 &1257659377
Renderer:
  m_ObjectHideFlags: 0
  m_PrefabParentObject: {fileID: 0}
  m_PrefabInternal: {fileID: 0}
  m_GameObject: {fileID: 1257659375}
  m_Enabled: 1
  m_CastShadows: 1
  m_ReceiveShadows: 1
  m_LightmapIndex: 255
  m_LightmapTilingOffset: {x: 1, y: 1, z: 0, w: 0}
  m_Materials:
  - {fileID: 10100, guid: 0000000000000000e000000000000000, type: 0}
  m_SubsetIndices: 
  m_StaticBatchRoot: {fileID: 0}
  m_UseLightProbes: 0
  m_LightProbeAnchor: {fileID: 0}
  m_ScaleInLightmap: 1
  m_SortingLayer: 0
  m_SortingOrder: 0
  m_SortingLayerID: 0
--- !u!4 &1257659378
Transform:
  m_ObjectHideFlags: 0
  m_PrefabParentObject: {fileID: 0}
  m_PrefabInternal: {fileID: 0}
  m_GameObject: {fileID: 1257659375}
  m_LocalRotation: {x: 0, y: 0, z: 0, w: 1}
  m_LocalPosition: {x: 36.4238396, y: 29.8759384, z: 0}
  m_LocalScale: {x: 1, y: 1, z: 1}
  m_Children: []
  m_Father: {fileID: 0}
--- !u!1 &1331618247
GameObject:
  m_ObjectHideFlags: 0
  m_PrefabParentObject: {fileID: 100002, guid: b6c6e5e97d961bf49aa94e7d348ffa0f, type: 2}
  m_PrefabInternal: {fileID: 877323888}
  serializedVersion: 4
  m_Component:
  - 4: {fileID: 1331618248}
  - 212: {fileID: 1331618254}
  - 50: {fileID: 1331618253}
  - 114: {fileID: 1331618252}
  - 122: {fileID: 1331618251}
  - 58: {fileID: 1331618250}
  - 114: {fileID: 1331618249}
  m_Layer: 0
  m_Name: ActualRepulsor
  m_TagString: Blocks
  m_Icon: {fileID: 0}
  m_NavMeshLayer: 0
  m_StaticEditorFlags: 0
  m_IsActive: 1
--- !u!4 &1331618248
Transform:
  m_ObjectHideFlags: 0
  m_PrefabParentObject: {fileID: 400002, guid: b6c6e5e97d961bf49aa94e7d348ffa0f, type: 2}
  m_PrefabInternal: {fileID: 877323888}
  m_GameObject: {fileID: 1331618247}
  m_LocalRotation: {x: 0, y: 0, z: .432882369, w: .901450455}
  m_LocalPosition: {x: 42.147541, y: .649188042, z: 0}
  m_LocalScale: {x: 1.5, y: 1.5, z: 1}
  m_Children:
  - {fileID: 403328807}
  - {fileID: 1521447879}
  - {fileID: 1573978141}
  m_Father: {fileID: 0}
--- !u!114 &1331618249
MonoBehaviour:
  m_ObjectHideFlags: 0
  m_PrefabParentObject: {fileID: 0}
  m_PrefabInternal: {fileID: 0}
  m_GameObject: {fileID: 1331618247}
  m_Enabled: 1
  m_EditorHideFlags: 0
  m_Script: {fileID: 11500000, guid: f8226260cb9060948a75773a39b4f038, type: 3}
  m_Name: 
  m_EditorClassIdentifier: 
  rSpeed: 60
--- !u!58 &1331618250
CircleCollider2D:
  m_ObjectHideFlags: 0
  m_PrefabParentObject: {fileID: 5800000, guid: b6c6e5e97d961bf49aa94e7d348ffa0f,
    type: 2}
  m_PrefabInternal: {fileID: 877323888}
  m_GameObject: {fileID: 1331618247}
  m_Enabled: 1
  m_Material: {fileID: 0}
  m_IsTrigger: 1
  m_Radius: 1.20000005
  m_Center: {x: 0, y: 0}
--- !u!122 &1331618251
Halo:
  m_ObjectHideFlags: 0
  m_PrefabParentObject: {fileID: 12200000, guid: b6c6e5e97d961bf49aa94e7d348ffa0f,
    type: 2}
  m_PrefabInternal: {fileID: 877323888}
  m_GameObject: {fileID: 1331618247}
  m_Enabled: 1
  m_Color:
    serializedVersion: 2
    rgba: 4293067007
  m_Size: 1.5
--- !u!114 &1331618252
MonoBehaviour:
  m_ObjectHideFlags: 0
  m_PrefabParentObject: {fileID: 11400000, guid: b6c6e5e97d961bf49aa94e7d348ffa0f,
    type: 2}
  m_PrefabInternal: {fileID: 877323888}
  m_GameObject: {fileID: 1331618247}
  m_Enabled: 1
  m_EditorHideFlags: 0
  m_Script: {fileID: 11500000, guid: ea2c98f1028316e49a5d4099ae7efe19, type: 3}
  m_Name: 
  m_EditorClassIdentifier: 
  targetObj: {fileID: 1185558037}
  anim: {fileID: 403328806}
  range: 5
  power: 500
--- !u!50 &1331618253
Rigidbody2D:
  m_ObjectHideFlags: 0
  m_PrefabParentObject: {fileID: 5000000, guid: b6c6e5e97d961bf49aa94e7d348ffa0f,
    type: 2}
  m_PrefabInternal: {fileID: 877323888}
  m_GameObject: {fileID: 1331618247}
  m_Mass: 1
  m_LinearDrag: 0
  m_AngularDrag: 0
  m_GravityScale: 0
  m_FixedAngle: 1
  m_IsKinematic: 1
  m_Interpolate: 0
  m_SleepingMode: 1
  m_CollisionDetection: 0
--- !u!212 &1331618254
SpriteRenderer:
  m_ObjectHideFlags: 0
  m_PrefabParentObject: {fileID: 21200002, guid: b6c6e5e97d961bf49aa94e7d348ffa0f,
    type: 2}
  m_PrefabInternal: {fileID: 877323888}
  m_GameObject: {fileID: 1331618247}
  m_Enabled: 1
  m_CastShadows: 0
  m_ReceiveShadows: 0
  m_LightmapIndex: 255
  m_LightmapTilingOffset: {x: 1, y: 1, z: 0, w: 0}
  m_Materials:
  - {fileID: 10754, guid: 0000000000000000e000000000000000, type: 0}
  m_SubsetIndices: 
  m_StaticBatchRoot: {fileID: 0}
  m_UseLightProbes: 0
  m_LightProbeAnchor: {fileID: 0}
  m_ScaleInLightmap: 1
  m_SortingLayer: 0
  m_SortingOrder: 0
  m_SortingLayerID: 0
  m_Sprite: {fileID: 21300000, guid: 8b2d932cb224d7f4aa55f76c864db3d0, type: 3}
  m_Color: {r: 1, g: 1, b: 1, a: 1}
--- !u!1 &1351894094
GameObject:
  m_ObjectHideFlags: 0
  m_PrefabParentObject: {fileID: 0}
  m_PrefabInternal: {fileID: 0}
  serializedVersion: 4
  m_Component:
  - 4: {fileID: 1351894097}
  - 23: {fileID: 1351894096}
  - 102: {fileID: 1351894095}
  m_Layer: 0
  m_Name: New Text
  m_TagString: Untagged
  m_Icon: {fileID: 0}
  m_NavMeshLayer: 0
  m_StaticEditorFlags: 0
  m_IsActive: 1
--- !u!102 &1351894095
TextMesh:
  serializedVersion: 3
  m_ObjectHideFlags: 0
  m_PrefabParentObject: {fileID: 0}
  m_PrefabInternal: {fileID: 0}
  m_GameObject: {fileID: 1351894094}
  m_Text: '-'
  m_OffsetZ: 0
  m_CharacterSize: 1
  m_LineSpacing: 1
  m_Anchor: 0
  m_Alignment: 0
  m_TabSize: 4
  m_FontSize: 24
  m_FontStyle: 0
  m_RichText: 1
  m_Font: {fileID: 10102, guid: 0000000000000000e000000000000000, type: 0}
  m_Color:
    serializedVersion: 2
    rgba: 4294967295
--- !u!23 &1351894096
Renderer:
  m_ObjectHideFlags: 0
  m_PrefabParentObject: {fileID: 0}
  m_PrefabInternal: {fileID: 0}
  m_GameObject: {fileID: 1351894094}
  m_Enabled: 1
  m_CastShadows: 1
  m_ReceiveShadows: 1
  m_LightmapIndex: 255
  m_LightmapTilingOffset: {x: 1, y: 1, z: 0, w: 0}
  m_Materials:
  - {fileID: 10100, guid: 0000000000000000e000000000000000, type: 0}
  m_SubsetIndices: 
  m_StaticBatchRoot: {fileID: 0}
  m_UseLightProbes: 0
  m_LightProbeAnchor: {fileID: 0}
  m_ScaleInLightmap: 1
  m_SortingLayer: 0
  m_SortingOrder: 0
  m_SortingLayerID: 0
--- !u!4 &1351894097
Transform:
  m_ObjectHideFlags: 0
  m_PrefabParentObject: {fileID: 0}
  m_PrefabInternal: {fileID: 0}
  m_GameObject: {fileID: 1351894094}
  m_LocalRotation: {x: 0, y: 0, z: 0, w: 1}
  m_LocalPosition: {x: 1.0742712, y: 15.430644, z: 0}
  m_LocalScale: {x: 1, y: 1, z: 1}
  m_Children: []
  m_Father: {fileID: 0}
--- !u!1 &1394051833
GameObject:
  m_ObjectHideFlags: 0
  m_PrefabParentObject: {fileID: 100000, guid: 8a62ace5f29fde24291c0bde013894f0, type: 2}
  m_PrefabInternal: {fileID: 1480822372}
  serializedVersion: 4
  m_Component:
  - 4: {fileID: 1394051838}
  - 212: {fileID: 1394051837}
  - 50: {fileID: 1394051836}
  - 58: {fileID: 1394051835}
  - 114: {fileID: 1394051834}
  - 96: {fileID: 1394051839}
  m_Layer: 0
  m_Name: Enemy
  m_TagString: Untagged
  m_Icon: {fileID: 0}
  m_NavMeshLayer: 0
  m_StaticEditorFlags: 0
  m_IsActive: 1
--- !u!114 &1394051834
MonoBehaviour:
  m_ObjectHideFlags: 0
  m_PrefabParentObject: {fileID: 11400002, guid: 8a62ace5f29fde24291c0bde013894f0,
    type: 2}
  m_PrefabInternal: {fileID: 1480822372}
  m_GameObject: {fileID: 1394051833}
  m_Enabled: 1
  m_EditorHideFlags: 0
  m_Script: {fileID: 11500000, guid: 519be33824e75e641ae1654b6f85b872, type: 3}
  m_Name: 
  m_EditorClassIdentifier: 
  player: {fileID: 1185558037}
--- !u!58 &1394051835
CircleCollider2D:
  m_ObjectHideFlags: 0
  m_PrefabParentObject: {fileID: 5800000, guid: 8a62ace5f29fde24291c0bde013894f0,
    type: 2}
  m_PrefabInternal: {fileID: 1480822372}
  m_GameObject: {fileID: 1394051833}
  m_Enabled: 1
  m_Material: {fileID: 0}
  m_IsTrigger: 0
  m_Radius: 8
  m_Center: {x: 0, y: 3}
--- !u!50 &1394051836
Rigidbody2D:
  m_ObjectHideFlags: 0
  m_PrefabParentObject: {fileID: 5000000, guid: 8a62ace5f29fde24291c0bde013894f0,
    type: 2}
  m_PrefabInternal: {fileID: 1480822372}
  m_GameObject: {fileID: 1394051833}
  m_Mass: 1
  m_LinearDrag: .0500000007
  m_AngularDrag: .0500000007
  m_GravityScale: 0
  m_FixedAngle: 0
  m_IsKinematic: 0
  m_Interpolate: 0
  m_SleepingMode: 1
  m_CollisionDetection: 0
--- !u!212 &1394051837
SpriteRenderer:
  m_ObjectHideFlags: 0
  m_PrefabParentObject: {fileID: 21200000, guid: 8a62ace5f29fde24291c0bde013894f0,
    type: 2}
  m_PrefabInternal: {fileID: 1480822372}
  m_GameObject: {fileID: 1394051833}
  m_Enabled: 1
  m_CastShadows: 0
  m_ReceiveShadows: 0
  m_LightmapIndex: 255
  m_LightmapTilingOffset: {x: 1, y: 1, z: 0, w: 0}
  m_Materials:
  - {fileID: 10754, guid: 0000000000000000e000000000000000, type: 0}
  m_SubsetIndices: 
  m_StaticBatchRoot: {fileID: 0}
  m_UseLightProbes: 0
  m_LightProbeAnchor: {fileID: 0}
  m_ScaleInLightmap: 1
  m_SortingLayer: 0
  m_SortingOrder: 0
  m_SortingLayerID: 0
  m_Sprite: {fileID: 21300000, guid: 0181647e22519ce498099dc23839531d, type: 3}
  m_Color: {r: 1, g: 1, b: 1, a: 1}
--- !u!4 &1394051838
Transform:
  m_ObjectHideFlags: 0
  m_PrefabParentObject: {fileID: 400000, guid: 8a62ace5f29fde24291c0bde013894f0, type: 2}
  m_PrefabInternal: {fileID: 1480822372}
  m_GameObject: {fileID: 1394051833}
  m_LocalRotation: {x: 0, y: 0, z: 0, w: 1}
  m_LocalPosition: {x: -38.4262161, y: -4.36567593, z: 0}
  m_LocalScale: {x: .200000003, y: .200000003, z: 1}
  m_Children: []
  m_Father: {fileID: 0}
--- !u!96 &1394051839
TrailRenderer:
  m_ObjectHideFlags: 0
  m_PrefabParentObject: {fileID: 9600000, guid: 8a62ace5f29fde24291c0bde013894f0,
    type: 2}
  m_PrefabInternal: {fileID: 1480822372}
  m_GameObject: {fileID: 1394051833}
  m_Enabled: 1
  m_CastShadows: 1
  m_ReceiveShadows: 1
  m_LightmapIndex: 255
  m_LightmapTilingOffset: {x: 1, y: 1, z: 0, w: 0}
  m_Materials:
  - {fileID: 2100000, guid: e667992b28845df99060a8f876d1d11b, type: 2}
  m_SubsetIndices: 
  m_StaticBatchRoot: {fileID: 0}
  m_UseLightProbes: 0
  m_LightProbeAnchor: {fileID: 0}
  m_ScaleInLightmap: 1
  m_SortingLayer: 0
  m_SortingOrder: 0
  m_SortingLayerID: 0
  m_Time: 1
  m_StartWidth: 1
  m_EndWidth: 1
  m_Colors:
    m_Color[0]:
      serializedVersion: 2
      rgba: 4278255400
    m_Color[1]:
      serializedVersion: 2
      rgba: 4278255144
    m_Color[2]:
      serializedVersion: 2
      rgba: 4278254888
    m_Color[3]:
      serializedVersion: 2
      rgba: 4278254632
    m_Color[4]:
      serializedVersion: 2
      rgba: 64296
  m_MinVertexDistance: .100000001
  m_Autodestruct: 0
--- !u!1001 &1480822372
Prefab:
  m_ObjectHideFlags: 0
  serializedVersion: 2
  m_Modification:
    m_TransformParent: {fileID: 0}
    m_Modifications:
    - target: {fileID: 400000, guid: 8a62ace5f29fde24291c0bde013894f0, type: 2}
      propertyPath: m_LocalPosition.x
      value: -38.4262161
      objectReference: {fileID: 0}
    - target: {fileID: 400000, guid: 8a62ace5f29fde24291c0bde013894f0, type: 2}
      propertyPath: m_LocalPosition.y
      value: -4.36567593
      objectReference: {fileID: 0}
    - target: {fileID: 400000, guid: 8a62ace5f29fde24291c0bde013894f0, type: 2}
      propertyPath: m_LocalPosition.z
      value: 0
      objectReference: {fileID: 0}
    - target: {fileID: 400000, guid: 8a62ace5f29fde24291c0bde013894f0, type: 2}
      propertyPath: m_LocalRotation.x
      value: 0
      objectReference: {fileID: 0}
    - target: {fileID: 400000, guid: 8a62ace5f29fde24291c0bde013894f0, type: 2}
      propertyPath: m_LocalRotation.y
      value: 0
      objectReference: {fileID: 0}
    - target: {fileID: 400000, guid: 8a62ace5f29fde24291c0bde013894f0, type: 2}
      propertyPath: m_LocalRotation.z
      value: 0
      objectReference: {fileID: 0}
    - target: {fileID: 400000, guid: 8a62ace5f29fde24291c0bde013894f0, type: 2}
      propertyPath: m_LocalRotation.w
      value: 1
      objectReference: {fileID: 0}
    - target: {fileID: 11400002, guid: 8a62ace5f29fde24291c0bde013894f0, type: 2}
      propertyPath: player
      value: 
      objectReference: {fileID: 1185558037}
    m_RemovedComponents: []
  m_ParentPrefab: {fileID: 100100000, guid: 8a62ace5f29fde24291c0bde013894f0, type: 2}
  m_RootGameObject: {fileID: 1394051833}
  m_IsPrefabParent: 0
  m_IsExploded: 1
--- !u!1 &1521447876
GameObject:
  m_ObjectHideFlags: 0
  m_PrefabParentObject: {fileID: 0}
  m_PrefabInternal: {fileID: 0}
  serializedVersion: 4
  m_Component:
  - 4: {fileID: 1521447879}
  - 23: {fileID: 1521447878}
  - 102: {fileID: 1521447877}
  m_Layer: 0
  m_Name: New Text
  m_TagString: Untagged
  m_Icon: {fileID: 0}
  m_NavMeshLayer: 0
  m_StaticEditorFlags: 0
  m_IsActive: 1
--- !u!102 &1521447877
TextMesh:
  serializedVersion: 3
  m_ObjectHideFlags: 0
  m_PrefabParentObject: {fileID: 0}
  m_PrefabInternal: {fileID: 0}
  m_GameObject: {fileID: 1521447876}
  m_Text: HOLD ON!
  m_OffsetZ: 0
  m_CharacterSize: 1
  m_LineSpacing: 1
  m_Anchor: 0
  m_Alignment: 0
  m_TabSize: 4
  m_FontSize: 24
  m_FontStyle: 0
  m_RichText: 1
  m_Font: {fileID: 10102, guid: 0000000000000000e000000000000000, type: 0}
  m_Color:
    serializedVersion: 2
    rgba: 4294967295
--- !u!23 &1521447878
Renderer:
  m_ObjectHideFlags: 0
  m_PrefabParentObject: {fileID: 0}
  m_PrefabInternal: {fileID: 0}
  m_GameObject: {fileID: 1521447876}
  m_Enabled: 1
  m_CastShadows: 1
  m_ReceiveShadows: 1
  m_LightmapIndex: 255
  m_LightmapTilingOffset: {x: 1, y: 1, z: 0, w: 0}
  m_Materials:
  - {fileID: 10100, guid: 0000000000000000e000000000000000, type: 0}
  m_SubsetIndices: 
  m_StaticBatchRoot: {fileID: 0}
  m_UseLightProbes: 0
  m_LightProbeAnchor: {fileID: 0}
  m_ScaleInLightmap: 1
  m_SortingLayer: 0
  m_SortingOrder: 0
  m_SortingLayerID: 0
--- !u!4 &1521447879
Transform:
  m_ObjectHideFlags: 0
  m_PrefabParentObject: {fileID: 0}
  m_PrefabInternal: {fileID: 0}
  m_GameObject: {fileID: 1521447876}
  m_LocalRotation: {x: 0, y: 0, z: -.935533166, w: .353238881}
  m_LocalPosition: {x: 9.71432114, y: 4.98591423, z: 0}
  m_LocalScale: {x: .666666687, y: .666666687, z: 1}
  m_Children: []
  m_Father: {fileID: 1331618248}
--- !u!1 &1573978136
GameObject:
  m_ObjectHideFlags: 0
  m_PrefabParentObject: {fileID: 100000, guid: 72491ffcb1932834492526e68269a042, type: 2}
  m_PrefabInternal: {fileID: 1600155135}
  serializedVersion: 4
  m_Component:
  - 4: {fileID: 1573978141}
  - 212: {fileID: 1573978140}
  - 50: {fileID: 1573978139}
  - 60: {fileID: 1573978138}
  m_Layer: 0
  m_Name: Small sat
  m_TagString: Untagged
  m_Icon: {fileID: 0}
  m_NavMeshLayer: 0
  m_StaticEditorFlags: 0
  m_IsActive: 1
--- !u!60 &1573978138
PolygonCollider2D:
  m_ObjectHideFlags: 0
  m_PrefabParentObject: {fileID: 6000000, guid: 72491ffcb1932834492526e68269a042,
    type: 2}
  m_PrefabInternal: {fileID: 1600155135}
  m_GameObject: {fileID: 1573978136}
  m_Enabled: 1
  m_Material: {fileID: 0}
  m_IsTrigger: 0
  m_Poly:
    m_Paths:
    - - {x: .185000002, y: -.629999995}
      - {x: .344999999, y: -.629999995}
      - {x: .61500001, y: -.5}
      - {x: .685000002, y: -.439999998}
      - {x: .685000002, y: -.329999983}
      - {x: .86500001, y: -.349999994}
      - {x: 1.255, y: -.349999994}
      - {x: 1.505, y: -.359999985}
      - {x: 1.70499992, y: -.379999995}
      - {x: 2.09500003, y: -.379999995}
      - {x: 2.44499993, y: -.389999986}
      - {x: 2.71499991, y: -.399999976}
      - {x: 3.2349999, y: -.419999987}
      - {x: 3.32499981, y: -.319999993}
      - {x: 3.32499981, y: .129999995}
      - {x: 3.32499981, y: .149999991}
      - {x: 3.2249999, y: .229999989}
      - {x: 2.71499991, y: .229999989}
      - {x: 2.69499993, y: .25}
      - {x: 2.17499995, y: .25999999}
      - {x: 1.93499994, y: .25999999}
      - {x: 1.92499995, y: .280000001}
      - {x: 1.505, y: .269999981}
      - {x: 1.505, y: .289999992}
      - {x: 1.17499995, y: .299999982}
      - {x: .754999995, y: .310000002}
      - {x: .745000005, y: .280000001}
      - {x: .754999995, y: .239999995}
      - {x: .784999967, y: .189999998}
      - {x: .764999986, y: -.0399999991}
      - {x: .764999986, y: -.25}
      - {x: .685000002, y: -.280000001}
      - {x: .694999993, y: -.209999993}
      - {x: .694999993, y: .25}
      - {x: .724999964, y: .25999999}
      - {x: .704999983, y: .359999985}
      - {x: .86500001, y: .379999995}
      - {x: .995000005, y: .429999977}
      - {x: 1.13499999, y: .48999998}
      - {x: 1.27499998, y: .579999983}
      - {x: 1.35500002, y: .669999957}
      - {x: 1.36500001, y: .709999979}
      - {x: 1.36500001, y: .769999981}
      - {x: 1.31499994, y: .849999964}
      - {x: 1.255, y: .879999995}
      - {x: .995000005, y: .879999995}
      - {x: .964999974, y: .879999995}
      - {x: .745000005, y: .810000002}
      - {x: .594999969, y: .75999999}
      - {x: .465000004, y: .669999957}
      - {x: .36499998, y: .569999993}
      - {x: .334999979, y: .5}
      - {x: .284999996, y: .50999999}
      - {x: -.0350000001, y: .519999981}
      - {x: -.0850000009, y: .5}
      - {x: -.204999998, y: .429999977}
      - {x: -.36499998, y: .319999993}
      - {x: -.375, y: .280000001}
      - {x: -.38499999, y: .0199999996}
      - {x: -.375, y: -.0799999982}
      - {x: -.494999975, y: -.170000002}
      - {x: -.514999986, y: -.0599999987}
      - {x: -.534999967, y: -.0399999991}
      - {x: -.564999998, y: -.049999997}
      - {x: -.574999988, y: -.119999997}
      - {x: -.574999988, y: -.229999989}
      - {x: -.675000012, y: -.349999994}
      - {x: -.694999993, y: -.299999982}
      - {x: -.685000002, y: .119999997}
      - {x: -.704999983, y: .179999992}
      - {x: -.604999959, y: .209999993}
      - {x: -.604999959, y: .239999995}
      - {x: -.685000002, y: .25999999}
      - {x: -.745000005, y: .239999995}
      - {x: -1.19499993, y: .239999995}
      - {x: -1.78499997, y: .25}
      - {x: -1.89499998, y: .229999989}
      - {x: -1.91499996, y: .229999989}
      - {x: -2.35500002, y: .229999989}
      - {x: -2.85500002, y: .219999999}
      - {x: -3.06499982, y: .209999993}
      - {x: -3.19499993, y: .189999998}
      - {x: -3.2349999, y: .119999997}
      - {x: -3.2349999, y: -.299999982}
      - {x: -3.2349999, y: -.299999982}
      - {x: -3.2249999, y: -.370000005}
      - {x: -3.11500001, y: -.449999988}
      - {x: -3.01499987, y: -.439999998}
      - {x: -3.00499988, y: -.419999987}
      - {x: -2.49499989, y: -.429999977}
      - {x: -2.33500004, y: -.419999987}
      - {x: -1.995, y: -.409999996}
      - {x: -1.83499992, y: -.409999996}
      - {x: -1.40499997, y: -.399999976}
      - {x: -1.29499996, y: -.399999976}
      - {x: -.935000002, y: -.389999986}
      - {x: -.924999952, y: -.399999976}
      - {x: -.734999955, y: -.399999976}
      - {x: -.784999967, y: -.50999999}
      - {x: -.814999998, y: -.579999983}
      - {x: -.86500001, y: -.699999988}
      - {x: -.844999969, y: -.859999955}
      - {x: -.794999957, y: -.899999976}
      - {x: -.675000012, y: -.899999976}
      - {x: -.594999969, y: -.889999986}
      - {x: -.465000004, y: -.799999952}
      - {x: -.275000006, y: -.620000005}
      - {x: -.0949999988, y: -.620000005}
    - - {x: -.584999979, y: .25}
      - {x: -.584999979, y: .25}
      - {x: -.604999959, y: .239999995}
      - {x: -.604999959, y: .199999988}
      - {x: -.564999998, y: -.0199999996}
      - {x: -.545000017, y: -.0399999991}
      - {x: -.545000017, y: -.0399999991}
      - {x: -.494999975, y: -.0399999991}
      - {x: -.484999985, y: .0299999993}
      - {x: -.484999985, y: .189999998}
      - {x: -.534999967, y: .25}
    - - {x: -.405000001, y: .0399999991}
      - {x: -.375, y: .049999997}
      - {x: -.375, y: .0799999982}
      - {x: -.405000001, y: .0899999961}
      - {x: -.424999982, y: .0700000003}
    - - {x: -.484999985, y: .170000002}
      - {x: -.494999975, y: .140000001}
      - {x: -.465000004, y: .099999994}
      - {x: -.444999993, y: .099999994}
      - {x: -.424999982, y: .119999997}
      - {x: -.424999982, y: .129999995}
      - {x: -.465000004, y: .170000002}
--- !u!50 &1573978139
Rigidbody2D:
  m_ObjectHideFlags: 0
  m_PrefabParentObject: {fileID: 5000000, guid: 72491ffcb1932834492526e68269a042,
    type: 2}
  m_PrefabInternal: {fileID: 1600155135}
  m_GameObject: {fileID: 1573978136}
  m_Mass: 1
  m_LinearDrag: 0
  m_AngularDrag: 0
  m_GravityScale: 0
  m_FixedAngle: 1
  m_IsKinematic: 1
  m_Interpolate: 0
  m_SleepingMode: 1
  m_CollisionDetection: 0
--- !u!212 &1573978140
SpriteRenderer:
  m_ObjectHideFlags: 0
  m_PrefabParentObject: {fileID: 21200000, guid: 72491ffcb1932834492526e68269a042,
    type: 2}
  m_PrefabInternal: {fileID: 1600155135}
  m_GameObject: {fileID: 1573978136}
  m_Enabled: 1
  m_CastShadows: 0
  m_ReceiveShadows: 0
  m_LightmapIndex: 255
  m_LightmapTilingOffset: {x: 1, y: 1, z: 0, w: 0}
  m_Materials:
  - {fileID: 10754, guid: 0000000000000000e000000000000000, type: 0}
  m_SubsetIndices: 
  m_StaticBatchRoot: {fileID: 0}
  m_UseLightProbes: 0
  m_LightProbeAnchor: {fileID: 0}
  m_ScaleInLightmap: 1
  m_SortingLayer: 0
  m_SortingOrder: 0
  m_SortingLayerID: 0
  m_Sprite: {fileID: 21300000, guid: e7f59868fbbb38d48bf8862626cfb763, type: 3}
  m_Color: {r: 1, g: 1, b: 1, a: 1}
--- !u!4 &1573978141
Transform:
  m_ObjectHideFlags: 0
  m_PrefabParentObject: {fileID: 400000, guid: 72491ffcb1932834492526e68269a042, type: 2}
  m_PrefabInternal: {fileID: 1600155135}
  m_GameObject: {fileID: 1573978136}
  m_LocalRotation: {x: 0, y: 0, z: -.948239565, w: .317555845}
  m_LocalPosition: {x: 5.08969212, y: 4.35187197, z: 0}
  m_LocalScale: {x: 1, y: 1, z: 1}
  m_Children:
  - {fileID: 1978060097}
  m_Father: {fileID: 1331618248}
--- !u!1001 &1600155135
Prefab:
  m_ObjectHideFlags: 0
  serializedVersion: 2
  m_Modification:
    m_TransformParent: {fileID: 1331618248}
    m_Modifications:
    - target: {fileID: 400000, guid: 72491ffcb1932834492526e68269a042, type: 2}
      propertyPath: m_LocalPosition.x
      value: 5.08969212
      objectReference: {fileID: 0}
    - target: {fileID: 400000, guid: 72491ffcb1932834492526e68269a042, type: 2}
      propertyPath: m_LocalPosition.y
      value: 4.35187197
      objectReference: {fileID: 0}
    - target: {fileID: 400000, guid: 72491ffcb1932834492526e68269a042, type: 2}
      propertyPath: m_LocalPosition.z
      value: 0
      objectReference: {fileID: 0}
    - target: {fileID: 400000, guid: 72491ffcb1932834492526e68269a042, type: 2}
      propertyPath: m_LocalRotation.x
      value: 0
      objectReference: {fileID: 0}
    - target: {fileID: 400000, guid: 72491ffcb1932834492526e68269a042, type: 2}
      propertyPath: m_LocalRotation.y
      value: 0
      objectReference: {fileID: 0}
    - target: {fileID: 400000, guid: 72491ffcb1932834492526e68269a042, type: 2}
      propertyPath: m_LocalRotation.z
      value: -.948239565
      objectReference: {fileID: 0}
    - target: {fileID: 400000, guid: 72491ffcb1932834492526e68269a042, type: 2}
      propertyPath: m_LocalRotation.w
      value: .317555845
      objectReference: {fileID: 0}
    - target: {fileID: 400000, guid: 72491ffcb1932834492526e68269a042, type: 2}
      propertyPath: m_LocalScale.x
      value: 1
      objectReference: {fileID: 0}
    - target: {fileID: 400000, guid: 72491ffcb1932834492526e68269a042, type: 2}
      propertyPath: m_LocalScale.y
      value: 1
      objectReference: {fileID: 0}
    - target: {fileID: 400000, guid: 72491ffcb1932834492526e68269a042, type: 2}
      propertyPath: m_LocalScale.z
      value: 1
      objectReference: {fileID: 0}
    m_RemovedComponents: []
  m_ParentPrefab: {fileID: 100100000, guid: 72491ffcb1932834492526e68269a042, type: 2}
  m_RootGameObject: {fileID: 1573978136}
  m_IsPrefabParent: 0
  m_IsExploded: 1
--- !u!1 &1743961989
GameObject:
  m_ObjectHideFlags: 0
  m_PrefabParentObject: {fileID: 0}
  m_PrefabInternal: {fileID: 0}
  serializedVersion: 4
  m_Component:
  - 4: {fileID: 1743961992}
  - 23: {fileID: 1743961991}
  - 102: {fileID: 1743961990}
  m_Layer: 0
  m_Name: New Text
  m_TagString: Untagged
  m_Icon: {fileID: 0}
  m_NavMeshLayer: 0
  m_StaticEditorFlags: 0
  m_IsActive: 1
--- !u!102 &1743961990
TextMesh:
  serializedVersion: 3
  m_ObjectHideFlags: 0
  m_PrefabParentObject: {fileID: 0}
  m_PrefabInternal: {fileID: 0}
  m_GameObject: {fileID: 1743961989}
  m_Text: '-'
  m_OffsetZ: 0
  m_CharacterSize: 1
  m_LineSpacing: 1
  m_Anchor: 0
  m_Alignment: 0
  m_TabSize: 4
  m_FontSize: 24
  m_FontStyle: 0
  m_RichText: 1
  m_Font: {fileID: 10102, guid: 0000000000000000e000000000000000, type: 0}
  m_Color:
    serializedVersion: 2
    rgba: 4294967295
--- !u!23 &1743961991
Renderer:
  m_ObjectHideFlags: 0
  m_PrefabParentObject: {fileID: 0}
  m_PrefabInternal: {fileID: 0}
  m_GameObject: {fileID: 1743961989}
  m_Enabled: 1
  m_CastShadows: 1
  m_ReceiveShadows: 1
  m_LightmapIndex: 255
  m_LightmapTilingOffset: {x: 1, y: 1, z: 0, w: 0}
  m_Materials:
  - {fileID: 10100, guid: 0000000000000000e000000000000000, type: 0}
  m_SubsetIndices: 
  m_StaticBatchRoot: {fileID: 0}
  m_UseLightProbes: 0
  m_LightProbeAnchor: {fileID: 0}
  m_ScaleInLightmap: 1
  m_SortingLayer: 0
  m_SortingOrder: 0
  m_SortingLayerID: 0
--- !u!4 &1743961992
Transform:
  m_ObjectHideFlags: 0
  m_PrefabParentObject: {fileID: 0}
  m_PrefabInternal: {fileID: 0}
  m_GameObject: {fileID: 1743961989}
  m_LocalRotation: {x: 0, y: 0, z: 0, w: 1}
  m_LocalPosition: {x: 10.3801479, y: 17.4986153, z: 0}
  m_LocalScale: {x: 1, y: 1, z: 1}
  m_Children: []
  m_Father: {fileID: 0}
--- !u!1001 &1896650177
Prefab:
  m_ObjectHideFlags: 0
  serializedVersion: 2
  m_Modification:
    m_TransformParent: {fileID: 0}
    m_Modifications:
    - target: {fileID: 400000, guid: 8a62ace5f29fde24291c0bde013894f0, type: 2}
      propertyPath: m_LocalPosition.x
      value: -35.6186028
      objectReference: {fileID: 0}
    - target: {fileID: 400000, guid: 8a62ace5f29fde24291c0bde013894f0, type: 2}
      propertyPath: m_LocalPosition.y
      value: -9.37374496
      objectReference: {fileID: 0}
    - target: {fileID: 400000, guid: 8a62ace5f29fde24291c0bde013894f0, type: 2}
      propertyPath: m_LocalPosition.z
      value: 0
      objectReference: {fileID: 0}
    - target: {fileID: 400000, guid: 8a62ace5f29fde24291c0bde013894f0, type: 2}
      propertyPath: m_LocalRotation.x
      value: 0
      objectReference: {fileID: 0}
    - target: {fileID: 400000, guid: 8a62ace5f29fde24291c0bde013894f0, type: 2}
      propertyPath: m_LocalRotation.y
      value: 0
      objectReference: {fileID: 0}
    - target: {fileID: 400000, guid: 8a62ace5f29fde24291c0bde013894f0, type: 2}
      propertyPath: m_LocalRotation.z
      value: 0
      objectReference: {fileID: 0}
    - target: {fileID: 400000, guid: 8a62ace5f29fde24291c0bde013894f0, type: 2}
      propertyPath: m_LocalRotation.w
      value: 1
      objectReference: {fileID: 0}
    - target: {fileID: 11400002, guid: 8a62ace5f29fde24291c0bde013894f0, type: 2}
      propertyPath: player
      value: 
      objectReference: {fileID: 1185558037}
    m_RemovedComponents: []
  m_ParentPrefab: {fileID: 100100000, guid: 8a62ace5f29fde24291c0bde013894f0, type: 2}
  m_RootGameObject: {fileID: 1184935879}
  m_IsPrefabParent: 0
  m_IsExploded: 1
--- !u!1 &1978060096
GameObject:
  m_ObjectHideFlags: 0
  m_PrefabParentObject: {fileID: 100002, guid: 4b46d394becc9c64e8d27fdb1d29f85f, type: 2}
  m_PrefabInternal: {fileID: 1034282770}
  serializedVersion: 4
  m_Component:
  - 4: {fileID: 1978060097}
  - 212: {fileID: 1978060102}
  - 50: {fileID: 1978060101}
  - 122: {fileID: 1978060100}
  - 58: {fileID: 1978060099}
  - 114: {fileID: 1978060098}
  m_Layer: 0
  m_Name: Attractor
  m_TagString: Blocks
  m_Icon: {fileID: 0}
  m_NavMeshLayer: 0
  m_StaticEditorFlags: 0
  m_IsActive: 1
--- !u!4 &1978060097
Transform:
  m_ObjectHideFlags: 0
  m_PrefabParentObject: {fileID: 400002, guid: 4b46d394becc9c64e8d27fdb1d29f85f, type: 2}
  m_PrefabInternal: {fileID: 1034282770}
  m_GameObject: {fileID: 1978060096}
  m_LocalRotation: {x: 0, y: 0, z: 0, w: 1}
  m_LocalPosition: {x: -2.84426641, y: -.111993596, z: 0}
  m_LocalScale: {x: 1, y: 1, z: 1}
  m_Children:
  - {fileID: 551731749}
  m_Father: {fileID: 1573978141}
--- !u!114 &1978060098
MonoBehaviour:
  m_ObjectHideFlags: 0
  m_PrefabParentObject: {fileID: 11400000, guid: 4b46d394becc9c64e8d27fdb1d29f85f,
    type: 2}
  m_PrefabInternal: {fileID: 1034282770}
  m_GameObject: {fileID: 1978060096}
  m_Enabled: 1
  m_EditorHideFlags: 0
  m_Script: {fileID: 11500000, guid: 642cb53e2741c1c49ba63d7ca810e655, type: 3}
  m_Name: 
  m_EditorClassIdentifier: 
  targetObj: {fileID: 1185558037}
  anim: {fileID: 551731748}
  range: 15
  power: 70
--- !u!58 &1978060099
CircleCollider2D:
  m_ObjectHideFlags: 0
  m_PrefabParentObject: {fileID: 5800000, guid: 4b46d394becc9c64e8d27fdb1d29f85f,
    type: 2}
  m_PrefabInternal: {fileID: 1034282770}
  m_GameObject: {fileID: 1978060096}
  m_Enabled: 1
  m_Material: {fileID: 0}
  m_IsTrigger: 1
  m_Radius: 1.20000005
  m_Center: {x: 0, y: 0}
--- !u!122 &1978060100
Halo:
  m_ObjectHideFlags: 0
  m_PrefabParentObject: {fileID: 12200000, guid: 4b46d394becc9c64e8d27fdb1d29f85f,
    type: 2}
  m_PrefabInternal: {fileID: 1034282770}
  m_GameObject: {fileID: 1978060096}
  m_Enabled: 1
  m_Color:
    serializedVersion: 2
    rgba: 4278255611
  m_Size: 1.5
--- !u!50 &1978060101
Rigidbody2D:
  m_ObjectHideFlags: 0
  m_PrefabParentObject: {fileID: 5000000, guid: 4b46d394becc9c64e8d27fdb1d29f85f,
    type: 2}
  m_PrefabInternal: {fileID: 1034282770}
  m_GameObject: {fileID: 1978060096}
  m_Mass: 1
  m_LinearDrag: 0
  m_AngularDrag: 0
  m_GravityScale: 0
  m_FixedAngle: 1
  m_IsKinematic: 1
  m_Interpolate: 0
  m_SleepingMode: 1
  m_CollisionDetection: 0
--- !u!212 &1978060102
SpriteRenderer:
  m_ObjectHideFlags: 0
  m_PrefabParentObject: {fileID: 21200002, guid: 4b46d394becc9c64e8d27fdb1d29f85f,
    type: 2}
  m_PrefabInternal: {fileID: 1034282770}
  m_GameObject: {fileID: 1978060096}
  m_Enabled: 1
  m_CastShadows: 0
  m_ReceiveShadows: 0
  m_LightmapIndex: 255
  m_LightmapTilingOffset: {x: 1, y: 1, z: 0, w: 0}
  m_Materials:
  - {fileID: 10754, guid: 0000000000000000e000000000000000, type: 0}
  m_SubsetIndices: 
  m_StaticBatchRoot: {fileID: 0}
  m_UseLightProbes: 0
  m_LightProbeAnchor: {fileID: 0}
  m_ScaleInLightmap: 1
  m_SortingLayer: 0
  m_SortingOrder: 1
  m_SortingLayerID: 0
  m_Sprite: {fileID: 21300000, guid: 2930d8029b5877e4dac2fa03cea2fa26, type: 3}
  m_Color: {r: 1, g: 1, b: 1, a: 1}
--- !u!1001 &2106739969
Prefab:
  m_ObjectHideFlags: 0
  serializedVersion: 2
  m_Modification:
    m_TransformParent: {fileID: 0}
    m_Modifications:
    - target: {fileID: 400000, guid: cd99be2c2880ad74683866a88fb6c11f, type: 2}
      propertyPath: m_LocalPosition.x
      value: 22.1095886
      objectReference: {fileID: 0}
    - target: {fileID: 400000, guid: cd99be2c2880ad74683866a88fb6c11f, type: 2}
      propertyPath: m_LocalPosition.y
      value: .383481264
      objectReference: {fileID: 0}
    - target: {fileID: 400000, guid: cd99be2c2880ad74683866a88fb6c11f, type: 2}
      propertyPath: m_LocalPosition.z
      value: 0
      objectReference: {fileID: 0}
    - target: {fileID: 400000, guid: cd99be2c2880ad74683866a88fb6c11f, type: 2}
      propertyPath: m_LocalRotation.x
      value: 0
      objectReference: {fileID: 0}
    - target: {fileID: 400000, guid: cd99be2c2880ad74683866a88fb6c11f, type: 2}
      propertyPath: m_LocalRotation.y
      value: 0
      objectReference: {fileID: 0}
    - target: {fileID: 400000, guid: cd99be2c2880ad74683866a88fb6c11f, type: 2}
      propertyPath: m_LocalRotation.z
      value: 0
      objectReference: {fileID: 0}
    - target: {fileID: 400000, guid: cd99be2c2880ad74683866a88fb6c11f, type: 2}
      propertyPath: m_LocalRotation.w
      value: 1
      objectReference: {fileID: 0}
    m_RemovedComponents: []
  m_ParentPrefab: {fileID: 100100000, guid: cd99be2c2880ad74683866a88fb6c11f, type: 2}
  m_RootGameObject: {fileID: 1185558037}
  m_IsPrefabParent: 0
  m_IsExploded: 1
--- !u!1 &2138271161
GameObject:
  m_ObjectHideFlags: 0
  m_PrefabParentObject: {fileID: 100002, guid: e112ed2bfe62b864db2ef196cab6d590, type: 2}
  m_PrefabInternal: {fileID: 1104458697}
  serializedVersion: 4
  m_Component:
  - 4: {fileID: 2138271167}
  - 20: {fileID: 2138271166}
  - 92: {fileID: 2138271165}
  - 124: {fileID: 2138271164}
  - 81: {fileID: 2138271163}
  - 114: {fileID: 2138271162}
  m_Layer: 0
  m_Name: Main Camera
  m_TagString: MainCamera
  m_Icon: {fileID: 0}
  m_NavMeshLayer: 0
  m_StaticEditorFlags: 0
  m_IsActive: 1
--- !u!114 &2138271162
MonoBehaviour:
  m_ObjectHideFlags: 0
  m_PrefabParentObject: {fileID: 11400000, guid: e112ed2bfe62b864db2ef196cab6d590,
    type: 2}
  m_PrefabInternal: {fileID: 1104458697}
  m_GameObject: {fileID: 2138271161}
  m_Enabled: 1
  m_EditorHideFlags: 0
  m_Script: {fileID: 11500000, guid: 32c8d86b31f754b4a93a6e2c7aa57acc, type: 3}
  m_Name: 
  m_EditorClassIdentifier: 
  followTarget: {fileID: 1185558037}
  screenShake: 0
  levelComplete: 0
--- !u!81 &2138271163
AudioListener:
  m_ObjectHideFlags: 0
  m_PrefabParentObject: {fileID: 8100002, guid: e112ed2bfe62b864db2ef196cab6d590,
    type: 2}
  m_PrefabInternal: {fileID: 1104458697}
  m_GameObject: {fileID: 2138271161}
  m_Enabled: 1
--- !u!124 &2138271164
Behaviour:
  m_ObjectHideFlags: 0
  m_PrefabParentObject: {fileID: 12400002, guid: e112ed2bfe62b864db2ef196cab6d590,
    type: 2}
  m_PrefabInternal: {fileID: 1104458697}
  m_GameObject: {fileID: 2138271161}
  m_Enabled: 1
--- !u!92 &2138271165
Behaviour:
  m_ObjectHideFlags: 0
  m_PrefabParentObject: {fileID: 9200002, guid: e112ed2bfe62b864db2ef196cab6d590,
    type: 2}
  m_PrefabInternal: {fileID: 1104458697}
  m_GameObject: {fileID: 2138271161}
  m_Enabled: 1
--- !u!20 &2138271166
Camera:
  m_ObjectHideFlags: 0
  m_PrefabParentObject: {fileID: 2000002, guid: e112ed2bfe62b864db2ef196cab6d590,
    type: 2}
  m_PrefabInternal: {fileID: 1104458697}
  m_GameObject: {fileID: 2138271161}
  m_Enabled: 1
  serializedVersion: 2
  m_ClearFlags: 1
  m_BackGroundColor: {r: .290196091, g: .0705882385, b: .188235298, a: .0196078438}
  m_NormalizedViewPortRect:
    serializedVersion: 2
    x: 0
    y: 0
    width: 1
    height: 3
  near clip plane: .300000012
  far clip plane: 1000
  field of view: 60
  orthographic: 0
  orthographic size: 15
  m_Depth: -1
  m_CullingMask:
    serializedVersion: 2
    m_Bits: 8192
  m_RenderingPath: -1
  m_TargetTexture: {fileID: 0}
  m_HDR: 0
  m_OcclusionCulling: 1
--- !u!4 &2138271167
Transform:
  m_ObjectHideFlags: 0
  m_PrefabParentObject: {fileID: 400002, guid: e112ed2bfe62b864db2ef196cab6d590, type: 2}
  m_PrefabInternal: {fileID: 1104458697}
  m_GameObject: {fileID: 2138271161}
  m_LocalRotation: {x: 0, y: 0, z: 0, w: 1}
  m_LocalPosition: {x: 19.2486572, y: -1.77561331, z: -20}
  m_LocalScale: {x: 1, y: 1, z: 1}
  m_Children:
  - {fileID: 134993704}
  m_Father: {fileID: 0}
